3700 4667
389 411 461 488 904
557 385 1368 480 conii-nntrnnins

387 581 545 656 Melechi
571 581 659 654 iliud
684 582 819 656 facinus
840 583 1005 668 venerit,
1044 581 1182 774 &relge
1204 579 1313 655 inscio
1335 581 1463 660 fanum
1482 584 1548 674 sit,

387 679 477 754 vers.
495 701 529 771 7.
571 677 622 749 Et
635 681 766 750 audivit
782 677 1069 766 Ebed·Iiielechus
1085 676 1132 748 Cu
1148 681 1280 768 chavus,
1296 683 1352 752 vir
1367 688 1547 770 eunuchus,

386 775 449 866 δ’,
465 776 525 850 vel
538 779 676 862 etenim,
691 771 755 868 ipse
771 791 842 847 erat
857 779 893 861 in
907 779 986 846 aula
999 779 1107 869 regis,
1123 798 1219 868 quum
1233 777 1436 850 tradiderunt
1451 775 1550 876 Jere-

385 879 486 945 mium
507 877 545 944 in
550 867 709 961 foveam,
733 893 793 941 rex
807 867 1021 965 verosedebat
1037 876 1071 958 in
1082 882 1179 965 porta
1193 869 1410 966 Benjaminis.
1495 895 1548 947 uae

386 991 452 1057 eo,
474 989 546 1060 quo
569 965 658 1054 dixi,
691 966 863 1078 tendunt,
887 981 930 1039 ut
943 965 1088 1061 partim,
1112 987 1196 1065 rege
1211 967 1373 1060 absente,
1399 969 1436 1042 id
1449 969 1547 1043 iuiiie

385 1060 1276 1252 egenen}niffeziiiaissnin‘iiiii
1299 1085 1549 1256 fflii}

385 1271 462 1330 erat
481 1256 519 1329 in
531 1254 626 1344 aula,
651 1256 792 1347 quando
805 1252 971 1349 Jeremias
984 1254 1022 1329 in
1034 1271 1182 1348 puteum
1196 1256 1265 1333 fuit
1280 1259 1476 1354 conjeeus:
1501 1259 1547 1331 fic

303 1437 306 1442 ,
384 1353 481 1428 enim
511 1371 618 1424 voces
643 1350 831 1448 Jungendae
849 1351 884 1423 &
904 1351 1135 1448 intelligentie
1155 1350 1244 1427 sunt.
1307 1354 1407 1432 Num
1430 1356 1545 1448 itaque

383 1449 515 1524 aulicus
545 1446 678 1534 fuerit,
722 1448 757 1520 δι
783 1448 964 1522 eunuchus
990 1447 1107 1544 regis,
1144 1447 1239 1537 hinc,
1256 1451 1374 1546 colligi
1395 1452 1544 1544 nequit:

387 1569 463 1620 non
484 1543 580 1617 enim
601 1541 755 1617 absolute
777 1544 923 1631 dicitin,
957 1567 1028 1615 eum
1050 1548 1085 1615 in
1104 1546 1182 1616 aula
1195 1539 1319 1639 fuiffe,
1352 1543 1411 1616 sed
1433 1561 1553 1632 tunc,

383 1640 551 1739 cumhoc
571 1637 748 1733 pera6ium
768 1639 838 1728 est,
861 1661 928 1712 nec
950 1641 1110 1712 eunuchus
1128 1639 1218 1736 regii
1241 1635 1451 1734 adpellatur,
1482 1637 1544 1712 sed

382 1738 422 1811 in
440 1758 571 1834 genere
593 1742 650 1809 vir
663 1740 844 1825 eunuchus,
868 1734 940 1808 five
954 1734 1118 1829 proprie,
1141 1731 1251 1808 ssveii
1274 1749 1392 1827 urate,
1422 1751 1544 1828 quate-

382 1857 448 1908 nus
469 1832 539 1907 fuit
559 1833 614 1906 vir
634 1833 836 1926 primarius,
866 1851 927 1908 aut
947 1833 1012 1915 alia
1030 1831 1074 1904 de
1097 1829 1196 1906 causa
1209 1757 1347 1906 ceiebs.
1397 1829 1456 1903 De
1472 1851 1555 1924 quo.

385 1931 474 2006 nihil
487 1927 603 2022 potest
615 1928 801 2006 adfirmari.

431 2031 465 2117 §.
478 2025 627 2099 DCVII.
676 2033 713 2114 β.
737 2028 940 2104 Interceffio
960 2029 1035 2121 e'jus
1054 2051 1121 2123 pro
1141 2023 1294 2120 Jeremia
1313 2026 1405 2118 apud
1424 2046 1544 2124 regem

340 2157 344 2164 ·
382 2124 437 2197 his
457 2123 571 2195 verbis
596 2118 834 2217 subjungitur,
860 2123 949 2196 vers.
975 2129 1009 2211 8,
1031 2147 1065 2217 9.
1114 2123 1166 2194 Et
1175 2121 1286 2216 subito
1301 2123 1388 2195 domo
1401 2129 1487 2220 regis
1501 2120 1545 2215 est

381 2241 458 2314 egre
485 2238 522 2288 us
542 2209 848 2304 Ebed-Melnbus,
881 2216 1098 2314 (scilicenad
1118 2239 1242 2314 regem
1255 2219 1293 2291 in
1307 2235 1411 2312 porta
1423 2219 1544 2311 Benia-

381 2314 485 2390 minls
497 2309 720 2409 sedentem‚)
750 2309 794 2393 ἐξ
807 2316 933 2386 locutus
947 2311 991 2406 est
1005 2315 1046 2386 ad
1059 2338 1185 2411 regem,
1209 2317 1352 2390 dicendo.
1404 2315 1542 2388 Domine

382 2415 464 2485 rex!
478 2403 723 2499 malefecerunt
737 2413 808 2480 viri
823 2413 897 2501 iili,
910 2433 1020 2500 omne,
1036 2413 1116 2508 qnod
1123 2408 1278 2502 fecerunt
1295 2408 1461 2511 Jeremiae
1472 2427 1546 2508 pro-
1598 2469 1602 2476 .

377 2512 514 2604 phetae,
544 2528 636 2602 quem
651 2505 856 2601 projecerunt
871 2511 907 2581 in
917 2522 1071 2603 puteum,
1104 2506 1170 2608 (s1c
1183 2507 1309 2583 festius
1333 2532 1395 2584 nn«
1407 2537 1447 2582 ne
1466 2530 1545 2581 ver·

382 2604 488 2704 titur,
513 2625 574 2691 ac,
597 2616 638 2675 ut
651 2603 778 2699 vulgo,
802 2627 835 2676 eo
869 2605 949 2693 uod,
965 2628 1047 2680 cum
1061 2628 1135 2681 non
1149 2604 1295 2694 addetur
1306 2605 1492 2679 relativum
1506 2606 1546 2680 in

385 2703 492 2772 wien
506 2744 518 2784 ,
551 2710 592 2768 ut
604 2698 752 2772 deberet
759 2699 794 2796 ς)
819 2628 869 2782 bi
876 2707 1031 2772 morietur
1034 2699 1141 2795 subse
1149 2715 1231 2792 prae
1235 2699 1350 2788 fame,
1370 2707 1446 2794 quia
1458 2703 1546 2775 nibil

377 2796 479 2891 panis
492 2795 631 2886 amplius
645 2782 690 2886 e'fl
703 2800 740 2866 in
754 2798 842 2870 urbe.
874 2794 963 2892 Quae
979 2795 1104 2880 verba,
1130 2794 1212 2884 quid
1226 2791 1285 2864 sibi
1300 2793 1432 2880 velint,
1456 2794 1545 2869 diffi.

379 2888 449 2962 cile
469 2888 643 2982 panditur.
693 2888 765 2964 Vul
791 2913 813 2964 ο
833 2888 923 2964 solet
942 2887 1061 2977 statui,
1086 2885 1222 2964 sensum
1238 2886 1337 2976 effe,
1350 2885 1545 2982 Jeremiam

381 2984 507 3082 sponte
528 2982 587 3061 sua
607 2987 645 3061 in
664 2986 747 3061 loco
767 2913 831 3061 iun
855 2984 955 3060 fuiffe
976 3007 1048 3080 prae
1062 2983 1174 3076 fame,
1199 2999 1345 3080 propter
1358 2987 1548 3080 penuriam

382 3084 482 3178 panis
500 3085 539 3158 in
558 3086 665 3173 urbe,
695 3086 925 3171 moriturum,
950 3083 1040 3158 adeo
1053 3097 1093 3158 ut
1107 3081 1303 3158 infoveam
1316 3103 1392 3158 non
1405 3085 1546 3160 necesse

383 3177 495 3256 fuerit
515 3180 628 3275 ipsum
648 3182 791 3275 compin
817 3182 838 3255 '.
894 3181 965 3256 Sed
983 3179 1117 3272 obstat,
1147 3179 1242 3276 quod
1255 3181 1436 3258 eunuchus
1449 3181 1542 3276 Jere·

382 3277 462 3350 miae
482 3277 619 3352 causam
636 3277 763 3370 plene,
838 3301 914 3354 non
934 3301 978 3352 ex
998 3297 1118 3374 parte,
1141 3277 1272 3377 egerit,
1298 3279 1454 3372 adeoque
1466 3297 1540 3350 non

383 3372 540 3444 voluerit
558 3373 596 3447 in
617 3373 726 3447 dubio
747 3375 918 3470 relinqui,
951 3375 1082 3451 effeme
1104 3397 1209 3450 verus
1230 3399 1273 3448 an
1293 3375 1396 3450 falsus
1415 3372 1539 3446 vates?

383 3466 435 3554 uti
449 3465 606 3554 fecisset,
632 3467 677 3557 fi,
701 3467 1126 3565 ipsum·sponte&subit0
1140 3494 1211 3564 pne
1224 3471 1342 3546 inedia
1355 3469 1420 3545 effe
1434 3471 1544 3544 mori·

382 3575 502 3636 turum
522 3561 679 3636 dixisset:
711 3582 810 3658 patet
834 3591 974 3661 quoque
998 3589 1041 3640 ex
1063 3565 1229 3662 responso
1252 3570 1363 3666 regis,
1385 3567 1545 3662 Jeremiae

234 3715 237 3718 ⁴
310 3680 318 3692 ·
384 3676 496 3749 opem
508 3655 577 3730 esse
591 3657 776 3736 ferendam
789 3688 829 3737 ne
844 3668 1022 3751 moriatur,
1032 3663 1136 3756 idque
1152 3687 1171 3736 a
1186 3660 1288 3736 servo
1303 3665 1364 3757 pio
1379 3665 1480 3738 fuiiie
1495 3667 1545 3740 in·

382 3767 541 3840 tentum,
566 3754 777 3848 &petitum
827 3757 882 3832 Ex
895 3781 977 3854 mea¹
988 3761 1105 3853 itaque
1120 3759 1288 3854 opinione
1310 3759 1544 3835 Eied-Melecb

383 3850 435 3927 his
463 3849 583 3930 verbis
610 3851 705 3928 aliud
724 3853 948 3964 periculuip',
985 3855 1147 3949 Jeremiae
1167 3855 1368 3947 inminens,
1399 3859 1545 4030 rffiiussi}
