3700 4667
406 489 469 547 an
518 458 954 563 JEREMIAM.
1003 459 1303 565 xtvnaam
1356 486 1448 565 1005

279 666 512 761 timensque
528 660 640 740 filium
651 660 943 754 Psammenitum,
956 684 978 739 a
991 660 1161 760 Cambyl'e
1174 663 1357 759 superatos
1370 663 1452 745 &in

280 769 388 865 digne
401 787 443 839 ac
465 760 745 849 contumeliose,
770 760 858 835 telle
876 760 1066 837 Herodoto
1081 793 1123 853 a,
1145 760 1310 839 mediatos
1325 760 1454 837 referri

282 862 437 981 poliunt.
461 883 497 952 4.
512 860 608 955 quod
623 857 712 933 vers
730 860 788 934 26.
817 856 972 933 dillindle
988 876 1251 977 memorentur,
1277 874 1456 1031 quaterentur

282 1156 464 1231 ducimur:
490 1177 536 1228 eo
553 1154 649 1229 enim
663 1151 789 1266 nerlu,
814 1175 878 1249 per
891 1152 1040 1229 modum
1054 1154 1158 1229 concl
1209 1152 1306 1266 onis,
1331 1173 1457 1229 omnen
1536 1172 1543 1205 ¹

281 1250 505 1347 opprellorea
526 1249 1038 1350 Aegypnorumrecensennrr.
1088 1272 1123 1343 5.
1147 1251 1337 1345 Demque,
1361 1246 1460 1344 quod

283 1349 494 1449 promilsum
514 1349 697 1447 Aegyptiis
717 1346 868 1439 fanum,
900 1347 1090 1447 Aegyptum
1108 1346 1253 1447 posteat
1281 1351 1460 1421 ebabitan·

283 1451 361 1528 dam
379 1466 419 1523 ur
440 1450 550 1523 diebus
568 1452 734 1544 antiquis,
765 1448 881 1544 aliqua
900 1447 985 1523 licet
997 1448 1134 1523 ratione
1151 1447 1215 1521 sub
1253 1467 1338 1521 nem
1351 1445 1459 1521 Ama·

279 1544 324 1625 fis
345 1547 566 1641 impletum,
583 1560 624 1623 ut
646 1546 819 1637 vidimus,
853 1566 939 1619 vera
964 1544 1022 1621 sua
1042 1544 1194 1643 emphasr
1214 1567 1288 1620 non
1302 1540 1365 1619 nilr
1379 1538 1460 1639 post

279 1643 456 1724 Perficurn
477 1646 665 1741 imperium
685 1642 926 1736 demonum,
965 1644 1028 1722 sub
1051 1643 1258 1722 Alexandro
1280 1640 1314 1716 dr
1337 1640 1460 1741 Ptolo·

281 1762 373 1816 rnaeo
397 1742 502 1851 Lagi,
528 1743 639 1816 luerit
659 1742 870 1834 praeffitum,
896 1744 969 1817 vid.
991 1742 1058 1835 Jes.
1082 1766 1153 1818 xrx:
1173 1745 1228 1815 18.
1243 1740 1310 1815 dac.
1331 1740 1367 1813 ἃ
1380 1760 1462 1835 qum
1612 1812 1613 1815 ,

285 1834 337 1904 ibi
356 1837 482 1907 adtulit
501 1836 556 1906 Cl.
577 1836 754 1940 Vitringa
804 1834 984 1928 Significat
1003 1840 1099 1909 enirn
1113 1835 1240 1927 phrasis
1254 1835 1463 1930 Aegyptum

287 1926 474 2013 liberate,
505 1928 540 1996 dr
561 1938 795 2017 prosperrtate
818 1925 1029 2019 gavisuram,
1061 1942 1103 1999 ut
1125 1928 1273 2017 antiquis
1294 1928 1463 2021 tenpori-

287 2022 373 2112 bus,
399 2034 587 2115 antequam
601 2044 622 2095 a
635 2017 937 2093 Nebucadnezare
954 2019 1005 2094 est
1020 2019 1166 2098 sabana.

284 2118 287 2127 '
338 2126 371 2213 ᾗ.
386 2117 583 2195 DCLXVI.
607 2116 837 2214 subjungitur
864 2118 1062 2214 prophetia
1083 2118 1128 2194 de
1151 2119 1307 2219 Aegypti
1334 2117 1467 2195 destru-

285 2216 405 2295 stione
431 2218 466 2292 δι
487 2214 711 2293 reffitunone
732 2215 953 2295 luculentum
975 2217 1200 2314 promilium‚
1217 2218 1352 2316 ‘Judaeis
1367 2214 1465 2333 xdala*

282 2319 416 2393 raelin's
431 2316 469 2391 in
483 2316 638 2405 exfilium
651 2312 807 2391 abdubiis
821 2312 970 2407 fanum,
996 2316 1040 2393 de
1056 2316 1214 2395 exsulum
1233 2316 1470 2405 reductione,

285 2417 378 2506 reip.
402 2400 608 2506 gloriosa&
653 2434 818 2505 rospera,
851 2412 912 2486 suo
933 2431 1097 2507 ternpore
1120 2416 1262 2502 futura,
1288 2413 1464 2487 conditio·

285 2526 360 2593 ne,
385 2506 537 2595 denique
551 2436 682 2576 Mella
695 2506 934 2595 adparitione,
959 2509 1119 2601 adeoque
1134 2531 1196 2582 eos
1212 2510 1355 2602 quidem
1367 2503 1465 2581 casti·
1578 2506 1581 2515 ’

286 2599 448 2699 gandos,
473 2598 532 2671 sed
545 2621 620 2672 non
634 2598 805 2675 delendos
817 2598 908 2690 elle,
933 2616 974 2677 ut
986 2604 1052 2683 illis
1066 2606 1204 2699 populis
1218 2606 1464 2702 contingeret,

313 2698 353 2771 ui
368 2716 432 2770 eos
447 2696 606 2790 captivos
621 2697 813 2784 tenebant,
840 2696 928 2772 vers.
947 2722 1007 2793 27,
1026 2704 1083 2776 28.
1133 2701 1197 2777 Sed
1210 2718 1267 2794 tn,
1293 2708 1465 2777 netimeas

276 2720 387 2894 larue
408 2798 479 2882 mi,
512 2790 641 2890 Jacob!
665 2815 766 2887 neque
786 2792 997 2885 confirmeris
1021 2796 1146 2889 Israel,
1172 2805 1248 2895 quia
1269 2824 1336 2875 ecce
1358 2824 1407 2873 me
1422 2802 1464 2873 li·

284 2894 453 2967 baroniam
475 2906 506 2961 te
526 2914 543 2961 e
567 2892 761 2985 longinquo,
795 2886 839 2971 δ’
847 2888 958 2986 semen
982 2909 1076 2968 tuum
1101 2920 1117 2968 e
1140 2910 1228 2969 terra
1250 2901 1464 2995 captivitatis
1571 2908 1573 2915 ⁴

285 3010 419 3075 eornm,-
446 2982 490 3078 ἃ
510 2987 628 3059 redibit
649 2983 776 3086 Jacob,
803 2984 996 3083 &subfidet
1011 2990 1055 3075 &⁹
1070 3007 1124 3065 tra
1168 2992 1464 3087 nillirfimafelici·

288 3098 360 3160 late
375 3081 534 3171 fruetur,
559 3087 730 3178 nullusque
764 3107 896 3157 avarem
910 3093 1061 3164 incutiet.
1151 3115 1226 3164 nne
1241 3084 1465 3181 timeorserve
1512 3152 1515 3159 .

287 3184 337 3258 mi
363 3176 488 3275 Jacob!
521 3176 719 3273 inspiratum
740 3097 895 3273 §eloam
927 3191 1005 3275 qnia
1027 3198 1132 3256 tectam
1156 3211 1223 3280 ego.
1278 3182 1370 3282 Quia
1392 3204 1464 3255 con-

259 3357 263 3364 ,
277 3277 538 3381 summationem
552 3271 683 3360 faciam
706 3278 794 3343 inter
812 3297 916 3346 omnes
937 3293 1068 3371 genter,
1101 3280 1143 3348 ad
1184 3302 1243 3351 uas
1267 3295 1298 3349 te
1320 3278 1463 3371 dispuli,

288 3391 329 3455 at
352 3388 462 3447 tecum
479 3390 545 3440 non
557 3365 689 3457 faciam
711 3364 1027 3461 consummationem,
1045 3370 1105 3467 sed
1119 3305 1279 3468 colligabo
1293 3388 1323 3447 te
1339 3397 1410 3447 cnm
1424 3396 1464 3447 a·

291 3478 442 3573 quitata,
473 3488 532 3539 nec
555 3469 755 3537 innocentem
769 3477 800 3535 te
814 3466 949 3552 babebo,
976 3469 1055 3553 vel,
1081 3490 1138 3539 neo
1152 3470 1254 3543 delebo
1269 3482 1311 3547 le.
1360 3470 1463 3571 Quos

291 3564 418 3647 versus
438 3586 520 3639 cunr
544 3584 575 3637 c.
600 3582 679 3636 xxx:
699 3581 828 3650 10,11.
852 3562 923 3653 jam
938 3562 1182 3655 habuerimus,
1209 3564 1463 3665 &explicueri-

290 3684 398 3747 mus,
421 3660 506 3733 nihil
519 3661 577 3734 hic
590 3656 764 3752 superest,
790 3682 892 3753 quam
908 3676 949 3736 ut
982 3694 1016 3735 a.
1034 3660 1240 3754 observem,
1257 3664 1463 3761 promilsum

85 3868 90 3879 ‚
165 3777 171 3785 ’
292 3756 480 3864 pertinere
500 3779 574 3830 ¹¹⁰⁰
594 3756 637 3830 ad
659 3755 817 3848 JUdae0⁸a
855 3760 914 3852 <lul
936 3760 971 3833 in
986 3760 1191 3855 Aegyptum
1204 3764 1463 3851 discederunt,

293 3858 359 3943 sed
378 3851 550 3930 israelitas
574 3852 610 3929 ἃ
629 3852 769 3947 Judaeos
789 3853 827 3928 ln
848 3856 1000 3933 exfillurn
1023 3856 1187 3939 abdullos
1208 3864 1251 3938 ab
1272 3860 1416 3951 Allyriis
1429 3858 1465 3931 dt

789 3950 1048 4035 Mmmmmm
1072 3978 1093 4052 3
1287 3950 1467 4033 enudans.

337 4076 588 4167 §utillum
