3700 4667
215 409 221 422 “
329 384 479 526 'm
554 366 1369 514 commonstretur

363 627 493 708 fuerit:
528 621 589 698 sed
608 637 779 700 neutrum
799 623 882 699 voci
909 649 1017 700 rums
1035 627 1230 716 convenit,
1256 650 1331 704 noe
1345 628 1542 723 infidiotort'·

266 700 291 738 ⁸
364 731 425 803 ior
445 726 544 807 locus
566 721 619 796 est
640 724 678 796 in
698 722 819 810 urbe,
855 735 1118 806 tantumrextra
1140 747 1229 802 eann
1278 726 1371 802 Mihi
1390 731 1542 806 omnino

338 852 342 859 ⁴
365 826 442 902 haec
461 823 573 896 verba
594 820 764 894 videntur
782 816 897 895 studio
918 821 1056 913 addim,
1091 823 1135 896 ad
1154 821 1294 915 ossiodes
1308 829 1406 917 illos,
1430 831 1541 906 modo

364 932 606 1005 memoratos,
620 915 884 1015 depingendus,
910 931 1102 1013 tanquam,
1126 921 1210 996 loco
1226 917 1390 1014 custodum
1402 923 1544 1002 futuros

361 1017 593 1113 infidissimos,
625 1013 747 1103 utut,
780 1012 921 1106 custodes
938 1021 1069 1114 ponite,
1083 1017 1156 1092 'sed
1177 1021 1296 1114 quales
1310 1021 1441 1098 erunt?
1466 1019 1549 1116 infi-

364 1117 529 1204 diotores,
553 1111 645 1188 adeo
658 1127 699 1188 ut
713 1133 840 1189 eorum
852 1114 959 1204 loco,
984 1113 1178 1206 sedinscii,
1203 1118 1362 1212 pararint
1373 1119 1435 1196 sibi
1451 1119 1544 1196 staua
1643 1193 1647 1200 .

363 1215 532 1290 didenoos
553 1209 672 1301 visust
703 1207 819 1304 quod,
840 1211 966 1290 eadem
987 1212 1124 1288 servata
1145 1212 1282 1312 figura,
1309 1217 1396 1292 dixit
1404 1232 1546 1314 parate,

363 1323 408 1388 ut
427 1305 619 1410 significet,
654 1329 717 1384 eos
741 1309 829 1387 tales
848 1309 911 1388 fibi
924 1329 1011 1392 vato
1031 1325 1216 1406 paraturos
1230 1313 1312 1391 effe.
1362 1313 1546 1392 Convenit

362 1409 454 1486 illud
473 1406 618 1506 egregie
638 1406 676 1482 in
699 1405 868 1499 modum,
900 1429 974 1502 quo
998 1408 1128 1488 Darius
1151 1415 1278 1489 urbem
1299 1414 1544 1511 expugnavit,

362 1529 433 1604 per
453 1503 621 1602 Zopyrum
639 1504 724 1582 nim.
747 1506 786 1580 in
808 1508 936 1583 urbem
957 1531 978 1581 a
999 1505 1220 1600 Babyloniis,
1254 1512 1377 1598 quibus
1399 1511 1543 1584 fraudu·

363 1605 486 1681 lenter
506 1600 692 1697 imposuit,
725 1599 926 1689 admissum,
957 1601 1010 1688 u,
1043 1603 1137 1693 quod
1150 1617 1244 1689 not,
1258 1623 1423 1676 mororum
1437 1601 1538 1696 cusio-

364 1703 440 1777 dem
458 1700 692 1789 declaratum,
717 1714 758 1776 ut
770 1719 833 1774 eos
846 1695 1061 1772 defenderet
1074 1713 1202 1776 contra
1215 1696 1352 1792 Persam
1378 1700 1540 1795 quimox

268 1812 271 1819 ‘
360 1812 488 1899 portas
513 1799 652 1894 aperuit
666 1797 795 1894 Perus,
820 1797 994 1874 &urbem
1008 1796 1177 1893 prodidit.
1228 1796 1320 1873 Cum
1334 1811 1456 1874 autem
1469 1800 1547 1876 dox-

363 1896 609 1986 exercitus,&
622 1895 1008 1988 custodummurorum
1020 1894 1213 1992 profestos
1228 1893 1542 1990 fuerit,d‚eipsoin

363 1996 465 2094 plur.
489 1993 584 2069 redte
610 1993 652 2072 iit
671 1994 821 2072 mentio.
871 1991 1161 2092 Reliquanostra
1181 2017 1266 2072 mua
1282 2009 1356 2070 non
1368 1994 1544 2107 indigent.
1657 2053 1687 2074 κ

364 2095 471 2175 Patet
490 2093 630 2186 itaque,
656 2093 715 2168 hic
731 2095 786 2192 agi
802 2094 848 2167 de
862 2092 1002 2169 Babelis
1016 2115 1111 2188 expo
1160 2093 1281 2170 atione
1294 2114 1358 2187 per
1371 2091 1546 2184 Danum,

361 2193 424 2269 cui
445 2188 635 2283 descriptio
655 2191 761 2264 unice
784 2193 971 2270 convenit.
1022 2190 1077 2266 Co
1146 2205 1240 2282 mat,
1262 2189 1358 2284 quod
1372 2212 1469 2266 nova
1484 2212 1543 2264 ex·
1580 2227 1591 2236 ·

363 2287 545 2379 hortatio,
569 2287 616 2361 ad
627 2286 759 2363 Medos
773 2285 925 2381 diretia,
950 2310 1084 2370 novam
1097 2288 1363 2386 expeditionem
1374 2289 1414 2366 in
1434 2287 1540 2368 uate-

364 2387 440 2466 lem
457 2397 600 2485 arguet:
626 2383 893 2484 utisuprasaepe
907 2388 1107 2466 habuimns.
1180 2481 1181 2486 Ν
1538 2420 1547 2437 ⁴

326 2507 330 2515 ·
413 2491 447 2578 §-
462 2481 735 2562 DCCLXXXII.
781 2513 821 2564 m
836 2487 1003 2564 Secundus
1026 2489 1193 2568 articulos
1216 2494 1321 2588 hujus
1339 2493 1448 2588 partis
1461 2513 1559 2586 pro,

363 2582 518 2681 phedcoe
533 2584 809 2681 comprehendit
821 2585 1202 2681 deſtrutiionis,modo
1215 2589 1405 2688 praediuae,
1415 2587 1545 2664 confir-

364 2683 585 2775 mationem,
620 2685 828 2780 jtuamento
848 2709 870 2761 a
887 2685 971 2761 Deo
992 2687 1139 2780 fatiam,
1171 2689 1206 2762 ds
1227 2687 1404 2782 sapientiae
1419 2707 1460 2760 ac
1477 2699 1542 2778 po-

200 2837 207 2846 .
364 2781 490 2857 tende
516 2780 619 2870 Dei,
651 2783 815 2874 oppofite
835 2782 879 2856 ad
897 2783 1014 2873 idola,
1048 2785 1284 2876 descriptione
1308 2781 1511 2858 illustratam
1525 2833 1545 2868 ,

364 2877 460 2954 vers.
485 2895 644 2970 13—19.
695 2874 767 2946 Ubi
816 2903 849 2946 o.
874 2879 1035 2947 occurrit
1056 2876 1301 2957 confirmatio,
1330 2877 1539 2958 juramento

364 2972 439 3052 Dei
453 2973 565 3064 faeta,
589 2965 758 3063 versag,
778 2988 833 3060 14.
857 2964 1058 3044 hisverbis.
1109 2962 1254 3040 Habitus
1268 2963 1433 3062 (proprie
1446 2967 1539 3040 hodi·

365 3088 444 3150 tans
458 3089 522 3163 tu,
544 3085 585 3148 ut
611 3065 703 3141 ’ΒΨ
728 3067 772 3145 srt
789 3087 857 3164 pro
879 3063 1024 3138 ’otono
1050 3065 1118 3165 a,)
1145 3066 1246 3163 juxto
1267 3085 1367 3161 equos
1386 3065 1542 3153 multos,

358 3169 391 3271 s
404 3169 466 3272 fio
487 3170 727 3268 thesaurorum
762 3171 855 3242 venit
867 3159 1077 3260 finissent,
1107 3161 1233 3261 omuffts
1245 3157 1443 3260 procifioois
1466 3175 1545 3238 too.

196 3265 200 3270 ’
367 3188 510 3443 {risibus
532 3268 653 3344 verbis
675 3265 875 3343 summatim
895 3263 1074 3359 repetitur
1086 3259 1299 3349 destruitio,
1323 3259 1432 3336 modo
1447 3259 1544 3354 depi-

441 3412 455 3453 ,
487 3367 651 3458 oppohte
670 3365 715 3439 ad
734 3362 941 3442 firmitatem
964 3361 1000 3437 dt
1029 3359 1252 3460 opulentiam
1277 3359 1413 3434 Babeiis
1429 3382 1450 3445 3·
1472 3377 1541 3430 nec

328 3502 349 3527 f·
369 3461 525 3544 multum
549 3461 640 3540 inest
659 3463 821 3553 obscuri,
852 3457 916 3538 niu
938 3461 977 3536 in
997 3461 1126 3536 ultimo
1146 3459 1321 3534 membro.
1379 3452 1541 3527 Habitare

371 3561 501 3637 dicitur
520 3558 630 3636 Babel
658 3563 750 3630 'uxta
768 3581 871 3656 oqoos
884 3562 1027 3644 multos,
1053 3554 1098 3627 ad
1110 3551 1314 3636 firmitatem
1328 3553 1362 3625 ἀ
1376 3547 1543 3642 frequen-

369 3659 457 3740 tiam
476 3659 574 3735 urbis
593 3584 851 3749 designandam.
898 3652 1099 3752 Euphrates
1120 3653 1217 3730 eninr
1238 3664 1315 3726 erat
1334 3650 1408 3761 ejus
1429 3647 1546 3723 nuri·

370 3759 553 3844 mentum,
577 3751 620 3827 dt
640 3771 737 3844 aqua
759 3751 955 3854 significant
973 3749 1172 3829 incolarum
1187 3751 1435 3843 frequentiam.
1485 3745 1545 3822 De

363 3879 444 3958 »quo
465 3851 617 3934 vidimus
635 3847 680 3925 ad
701 3871 733 3927 c.
754 3871 789 3928 t:
814 3856 873 3949 38.
910 3843 1021 3948 Spiffo
1042 3846 1260 3948 thesmoorom
1282 3845 1547 4023 adpolslgglumaog

409 4076 429 4152 ὃ.
446 4073 554 4152 sum.
570 4072 623 4150 Gt·
638 4089 669 4152 o
688 4086 756 4153 309·
