3700 4667
467 454 534 517 Ab
578 432 1013 537 JuleEMlAnt
1062 430 1208 515 XLVII:
1233 452 1268 533 7.
1357 454 1451 539 1019

276 640 374 727 cium
393 634 633 734 exsequatur,
653 637 750 731 quod
771 635 823 711 est
853 664 901 725 mo
916 634 994 728 ;·&
1028 653 1092 709 no
1122 636 1171 707 ill
1189 629 1353 707 inseritur
1377 654 1449 721 em.

277 734 408 833 phafias
428 734 539 833 ergo',
571 748 612 809 ut
630 731 692 827 fit,
715 735 759 807 od
776 731 967 827 Ascalonem
981 732 1147 821 condixit,
1171 729 1245 805 imo
1259 734 1305 803 idi
1322 729 1449 825 specia-
1528 742 1531 747 '

276 834 343 919 tim
370 834 417 912 δι,
430 831 678 915 nominatim(
715 826 885 909 Ceterum
915 857 989 915 :om
1008 854 1061 929 uon
1093 848 1168 903 non
1199 824 1250 899 est
1272 824 1417 923 Ascalon
1425 846 1448 923 j,

277 948 451 1025 unquam·
465 944 588 1024 portus
608 934 729 1020 maris,
760 925 965 1005 fertranus
983 926 1041 1002 'dle
1058 938 1154 1002 totus
1166 923 1380 1016 maritimus,
1405 940 1448 1007 ut

275 1028 462 1113 &Ezeeb
486 1049 569 1109 xxm
595 1030 652 1105 16.
683 1025 868 1121 &Tsepb
889 1047 933 1107 11:
961 1027 1017 1099 16.
1068 1021 1152 1095 Vox
1168 1020 1263 1098 enim
1277 1021 1450 1127 Hebrin

275 1142 410 1221 genere
423 1124 572 1208 denotet
585 1129 683 1204 littus
697 1124 893 1213 marinum,
910 1121 1006 1216 quod
1019 1119 1089 1194 late
1101 1118 1347 1214 protenditur,
1363 1120 1447 1203 inde

275 1214 426 1312 elidum,
449 1214 547 1317 quo'd
558 1218 714 1315 fictilibus
720 1218 869 1314 fricetur
882 1220 917 1295 dr
931 1218 1101 1299 Minatur
1108 1242 1123 1307 ,·
1150 1238 1227 1327 que
1239 1216 1382 1311 propria
1395 1214 1447 1299 est

272 1318 347 1402 rud·
378 1344 441 1419 um
471 1317 623 1414 potestas
631 1357 652 1411 ‚1
665 1318 704 1397 io
724 1315 881 1411 fricando
901 1316 964 1397 fita
983 1342 1020 1407 r,
1042 1334 1136 1393 «cxx.
1156 1314 1264 1419 igitur
1278 1310 1373 1389 recte
1388 1314 1447 1396 nb

271 1420 550 1525 (affluamus
573 1429 769 1496 verterunt
926 1450 929 1455 Α
1421 1442 1426 1449 ·

278 1572 285 1580 ·
318 1511 591 1603 chLtoufl.
615 1513 675 1592 De
702 1519 908 1612 implemento
935 1512 1131 1617 prophetiae
1160 1509 1210 1586 nil
1237 1530 1281 1591 ex
1303 1504 1445 1607 historia

267 1607 428 1709 cunstat,
451 1609 732 1715 tdfimgenmm
758 1612 971 1695 omnesr'llas
984 1612 1151 1713 regiones
1167 1606 1269 1689 fusse
1283 1630 1304 1684 a
1318 1604 1442 1686 Nebu-

267 1706 459 1784 cadnezare
480 1726 689 1805 occupatas,
714 1710 758 1789 ad
772 1711 942 1789 ortum&
957 1710 1120 1793 oceasum
1134 1706 1330 1797 Cananaeae3
1362 1702 1442 1800 post

271 1800 484 1879 delenitum
509 1826 660 1896 regnum
688 1804 902 1891 Judaeorum.
958 1806 1085 1876 Tradit
1105 1794 1276 1895 Josephus
1307 1819 1323 1871 o
1356 1802 1442 1876 illud

273 1894 433 1967 accidisse
454 1916 551 1967 anno
573 1910 626 1981 gro
640 1893 720 1985 post
734 1896 943 1969 destruebam
957 1894 1247 1981 Hierosolymam.
1297 1895 1365 1970 &d
1378 1898 1442 1969 lin-

270 1987 392 2084 gulare
414 1984 486 2078 est,
512 1986 608 2080 quod
628 1987 716 2061 nihil
736 1985 780 2059 de
793 1987 996 2080 restitutione
1011 1982 1263 2061 Philistaeorum
1275 1985 1442 2079 addatur,

269 2085 358 2177 quin
378 2084 472 2161 haud
488 2082 638 2161 obscure
651 2082 863 2175 infinuetur,
887 2083 1038 2181 gladium
1052 2080 1124 2156 Dei
1137 2082 1185 2157 ibi
1200 2080 1342 2156 firmum
1355 2083 1388 2157 dc
1403 2082 1441 2159 fi·

269 2200 377 2272 xum,
393 2183 455 2258 ubi
469 2182 610 2258 saeviret
623 2181 818 2272 continuo,
842 2178 1013 2275 accepiffe
1026 2182 1158 2255 locum.
1190 2178 1247 2255 Eo
1264 2179 1358 2256 enim
1373 2204 1440 2258 nos

265 2300 411 2375 quoque
435 2280 533 2356 ducit
552 2284 683 2377 querele
701 2279 746 2354 de
760 2280 1011 2357 interminabili
1026 2278 1103 2353 fere
1119 2278 1304 2377 duratione
1317 2280 1443 2376 gralla-¹

555 2372 1438 2545 todennamscelerantem

255 2584 333 2660 per
353 2524 566 2637 Nebucadn.
588 2495 774 2660 restringi,
808 2520 871 2639 sed,
888 2564 977 2637 nihil
992 2519 1090 2639 ve’tat
1104 2564 1205 2638 latius
1220 2565 1435 2657 extendille,

254 2662 309 2735 ita
337 2672 377 2734 ut
393 2657 496 2733 fimul
517 2658 728 2754 infinuetur,
760 2660 994 2737 calamitatem
1013 2660 1107 2735 illam
1129 2657 1249 2756 postea
1262 2665 1435 2740 continuo

262 2754 338 2830 effe
358 2756 615 2851 repetendam
647 2756 744 2851 quod
764 2756 905 2849 quoque
930 2778 1010 2849 cum
1033 2760 1146 2841 verbo
1166 2758 1377 2853 prophetico
1398 2762 1433 2835 dc

261 2850 408 2927 historia
422 2854 562 2950 egregie
576 2852 765 2936 convenit:
791 2852 900 2945 CQuf·
914 2849 1045 2949 Tfeplr.
1061 2874 1102 2929 11:
1119 2858 1155 2943 6,
1172 2854 1377 2949 7.J0el.1v:
1393 2882 1429 2951 4.

259 2949 390 3043 Obadj.
406 2948 495 3023 vers.
514 2970 569 3042 19.
580 2948 614 3023 dt
627 2949 733 3027 Zach.
748 2970 796 3023 1x:
813 2969 848 3041 5.
899 2948 981 3025 Post
991 2952 1139 3033 ,exilium
1154 2952 1427 3046 Babylonicum,

256 3070 345 3121 cum
365 3067 421 3121 res
440 3044 514 3121 suas
534 3041 775 3123 inllauraffent
787 3047 969 3137 Philistaei,
994 3048 1179 3141 &Judaeos
1192 3051 1296 3122 variis
1313 3052 1427 3123 modis

256 3140 498 3237 adfligerent,
529 3141 678 3239 opprelli
699 3142 779 3217 sunt
799 3147 843 3237 ab
859 3144 1064 3217 Alexandro
1077 3144 1132 3217 M.
1147 3144 1181 3216 ἃ
1196 3144 1351 3239 graviter
1365 3167 1427 3235 pu-

252 3238 338 3319 niti.
365 3236 518 3323 Gazam,
533 3242 642 3308 urbem
657 3250 734 3325 tuuc
747 3236 862 3311 rursus
878 3237 985 3331 Syrie
999 3244 1176 3323 maximam
1190 3268 1223 3324 c,
1248 3234 1326 3327 post
1340 3236 1425 3312 duo·

250 3358 337 3415 rum
364 3329 536 3408 mensoum
558 3330 794 3416 obsidionem,
820 3333 858 3401 vi
879 3328 1118 3427 expugnavit,
1152 3333 1274 3405 incolis
1297 3337 1423 3425 partim

250 3439 292 3512 in
320 3430 536 3507 servitutem
562 3422 734 3517 redactis,
773 3426 926 3500 &nova
945 3428 981 3500 in
1014 3430 1138 3500 urbem
1161 3428 1305 3503 dedutta
1325 3436 1421 3509 colo.
1577 3458 1585 3465 ·

250 3534 315 3609 nia
335 3542 365 3602 a,
401 3526 600 3601 Antiochus
616 3524 670 3599 M.
688 3548 766 3601 eam
780 3524 899 3598 denuo
913 3522 1060 3598 vastavit
1079 3554 1102 3597 e.
1135 3524 1315 3622 Occupato
1335 3529 1419 3609 dein

249 3626 307 3704 est
321 3648 344 3699 a
357 3622 555 3717 Jonathane
568 3624 794 3711 Maccabaeo,
807 3622 842 3697 u
855 3622 949 3715 Syris
963 3638 1102 3714 erepta,
1131 3624 1273 3701 oblacc.
1293 3652 1340 3707 xl:
1358 3636 1416 3704 61.

248 3723 439 3806 asimone
452 3737 648 3822 expugnata
660 3744 735 3797 non
749 3718 1026 3894 talbngng'ogegssg
1041 3722 1082 3795 ab
1098 3722 1287 3801 idololatris
1296 3752 1417 3899 purg}-

1405 3875 1417 3913 9

282 3976 955 4051 ιἿίᾶ.εοωω.ηοῆιτιὰ6εο.ιιικ.Μῑ,
992 3980 1154 4043 dentix.
1190 3942 1420 4047 eilueinblex.

246 4087 278 4137 p,
288 4070 365 4151 φρ.
442 4055 463 4116 d
478 4054 588 4123 Artium
601 4056 701 4134 exped.
713 4052 798 4121 Alex.
809 4058 830 4121 l.
842 4074 890 4121 ιι.
905 4054 956 4117 fin.
1040 4076 1053 4117 r
1073 4058 1202 4137 excerpt.
1218 4058 1317 4139 Polyb.
1330 4080 1359 4139 p.
1373 4060 1421 4136 85.
