3700 4667
365 373 472 466 1116
555 353 1364 452 COMMENTARIUS

372 561 730 650 mnereteffemm
753 561 850 641 &eo
864 578 1055 661 tempore,
1079 583 1153 661 quo
1165 564 1274 642 heros
1287 563 1347 640 ille
1360 565 1541 664 impetum

375 663 779 749 faceretinliabeiem·
801 665 909 739 acab
932 685 978 738 eo
1005 663 1117 738 heroa
1165 662 1382 746 raestmdum
1434 665 1553 742 Vide:

375 785 439 847 tur
453 765 497 841 ad
508 763 650 860 Judaeos
663 761 702 836 in
715 759 839 855 primis
849 783 894 838 ea
913 761 1114 838 admonitio
1126 687 1398 866 AEedtarerquia
1414 783 1548 843 eorum

376 865 529 945 maxime
544 862 739 936 intererat,
755 857 826 932 hoe
841 861 956 954 probe
971 859 1184 944 advertere,
1210 859 1343 954 quippe
1357 859 1401 934 ad
1416 883 1547 940 eorum

376 955 955 1039 consolationemucommodum
966 956 1142 1033 futurum.
1192 953 1262 1030 Leo
1275 959 1372 1034 enim
1386 977 1431 1034 ex
1445 981 1551 1038 arun·

377 1059 509 1138 dinetis
529 1053 690 1152 Jordanis
724 1049 982 1144 adscenderet,
1019 1053 1055 1127 o
1082 1053 1340 1147 Babylonicum
1367 1077 1407 1130 re
1458 1075 1558 1150 unu

380 1156 478 1252 quod
498 1153 626 1249 Judaeis
640 1152 729 1225 adeo
747 1161 827 1222 erat
838 1150 1008 1242 noxium,
1038 1148 1260 1236 destrueret,
1283 1153 1387 1230 snnul
1460 1155 1553 1232 omi-

380 1275 456 1342 tas,
490 1251 641 1328 maxime
663 1243 822 1358 infensos
831 1244 993 1420 wis,
1026 1267 1085 1322 ree
1099 1247 1179 1325 suas
1195 1247 1389 1329 instaurare
1403 1253 1455 1329 im
1480 1254 1558 1328 edi-

380 1366 459 1441 ret,
483 1351 522 1428 u
535 1347 664 1447 Judaeis
679 1344 830 1456 dinpren
907 1342 1077 1456 traderet.
1127 1347 1169 1422 In
1182 1349 1304 1422 verbis
1315 1349 1404 1425 nihil
1418 1277 1478 1427 eie
1488 1353 1557 1428 oh·

379 1449 485 1530 scuri.
533 1452 573 1538 β.
598 1443 816 1520 Uberiorem
836 1442 1112 1537 explicationem
1123 1443 1246 1538 judicii
1259 1443 1387 1520 Divini
1399 1448 1438 1520 in
1451 1447 1553 1522 Edo-

381 1568 502 1635 mum,
530 1538 911 1619 &confirmationem
952 1537 1046 1614 Duo
1058 1541 1154 1613 enim
1168 1537 1331 1632 specialia
1344 1541 1389 1615 de
1401 1541 1555 1618 Edomo

380 1659 649 1726 memorantiu,
674 1638 796 1713 locum
808 1636 990 1725 habitura,
1004 1631 1185 1730 postquam
1198 1634 1305 1711 heros
1319 1635 1552 1732 isteBabylo-

381 1743 506 1821 uicum
530 1759 570 1814 re
593 1757 683 1813 num
696 1733 889 1825 destruam
913 1731 1065 1808 alterum
1078 1729 1154 1821 est,
1178 1747 1297 1827 paruos
1317 1735 1355 1808 u
1368 1735 1459 1809 viies
1474 1757 1559 1834 gre.

381 1861 447 1942 gea
465 1857 551 1914 eum
594 1835 601 1851 '
623 1850 773 1930 epturos
791 1831 1065 1924 eiie‚aiterum‚
1076 1827 1293 1906 mononem
1301 1831 1559 1911 Edomitarum

382 1936 457 2018 effe
470 1934 644 2015 divinitus
658 1932 694 2009 ἃ
707 1933 851 2028 penitus
865 1927 1140 2006 desolandamin
1153 1945 1564 2025 perpetuum3quorum-

330 2129 333 2133 ,
385 2039 441 2117 dot
465 2057 572 2116 mox,
602 2031 688 2105 illud
706 2027 786 2126 post
811 2028 937 2104 contin
962 2043 1058 2105 eret:
1083 2028 1144 2100 duo
1166 2027 1263 2103 enim
1276 2027 1558 2118 distindtasuirt,

384 2149 430 2212 ut
456 2153 503 2206 ex
528 2126 700 2226 praemiisa
719 2127 895 2220 formula,
936 2149 1055 2216 enon,
1080 2123 1214 2219 liquet3
1240 2147 1311 2200 nec
1325 2124 1460 2202 neceffe
1476 2124 1529 2198 est
1541 2173 1557 2214 ,

385 2246 430 2307 ut
442 2229 572 2304 eodem
584 2240 748 2318 tempore
763 2221 869 2302 fiant,
898 2239 961 2297 aut
975 2223 1073 2318 prius
1092 2237 1331 2300 memoratum
1344 2221 1448 2296 etiam
1462 2233 1554 2295 tem·

386 2347 479 2427 pore
499 2326 597 2423 prius
618 2321 784 2423 futurum
806 2320 861 2396 nu
912 2317 1103 2414 Destrudt'o
1118 2333 1224 2399 terrae
1243 2321 1479 2397 idumaeorum
1491 2317 1563 2394 {in-¹

375 2426 503 2526 ‘gulnri
525 2419 738 2517 exprimitur
756 2418 893 2518 phraii‚
931 2439 1011 2514 quae
1033 2417 1096 2493 vix
1109 2419 1269 2516 expediri
1284 2415 1421 2516 potest,
1460 2415 1563 2514 quod

392 2546 482 2600 tarn·
511 2523 693 2596 incertum
712 2518 756 2593 fit
780 2540 802 2592 a
823 2537 896 2612 qua
918 2516 1038 2593 radice
1063 2515 1344 2614 rependebant,
1370 2514 1566 2612 quodque,

390 2619 479 2715 qnid
498 2617 667 2694 srbivelit
691 2619 805 2703 min
826 2612 930 2728 super
942 2619 1018 2691 eos?
1041 2616 1160 2692 minus
1173 2615 1347 2709 liquidum
1365 2613 1417 2688 fit.
1468 2611 1569 2688 Mihi

390 2715 538 2792 videtur
558 2713 657 2790 radix
680 2712 1027 2792 committenda,
1059 2713 1156 2788 unde
1188 2735 1307 2802 nrm,
1344 2733 1413 2804 pro
1446 2727 1574 2802 nuru·

388 2811 562 2905 denotat,
587 2810 646 2888 uti
667 2829 777 2890 nnn,
801 2811 948 2906 proprie
952 2808 1198 2900 fidentiam,
1223 2806 1310 2875 inde
1322 2804 1569 2896 vastationern,

390 2910 432 2990 in
454 2911 591 3009 speeie,
618 2927 696 3002 quae
717 2927 763 2981 ex
781 2919 897 2986 vento
911 2901 1098 2999 pestilento
1112 2899 1148 2971 dt
1162 2897 1286 2971 omnia
1299 2899 1476 2974 adurente
1493 2903 1572 2975 ori.

392 3023 481 3103 tur3
527 3031 606 3106 quae
632 3002 686 3080 est
715 3004 851 3100 pruma
884 2999 1025 3078 summae
1058 2993 1237 3072 vastitatis.
1303 2995 1412 3092 Apud
1449 2997 1571 3076 Arab.

344 3175 348 3182 .
394 3131 537 3204 quoque
576 3103 765 3200 exponitur
778 3155 801 3203 ,Ι
889 3101 1028 3188 mduit,
1070 3093 1294 3193 splendicaoit
1341 3116 1449 3187 quarn
1491 3103 1573 3174 niti·
1616 3135 1622 3149 ·

393 3204 540 3376 «iriquum
585 3203 683 3282 unde
718 3203 764 3316 ad
806 3203 844 3272 de
857 3212 965 3311 ertum
1014 3193 1261 3309 splendicans,
1311 3193 1408 3306 quod
1457 3194 1567 3272 Hebr.

390 3323 561 3572 {nn
575 3299 786 3488 nutu
818 3297 1061 3470 fiturum
1081 3291 1192 3490 atu
1222 3291 1449 3462 utut
1482 3289 1567 3479 tt

421 3508 502 3578 rat,
533 3494 617 3584 quia
637 3491 730 3568 vers.
756 3495 813 3568 18.
840 3489 884 3566 ad
908 3489 1178 3564 subverfionem
1198 3485 1361 3562 Sodomae
1382 3495 1458 3557 erat
1471 3482 1573 3556 adlu-

393 3591 485 3670 sum.
540 3585 673 3662 Phrasrs
698 3609 818 3667 vero,
852 3583 998 3678 vastabit
1011 3581 1118 3680 ffuper
1147 3605 1195 3658 eos
1224 3582 1414 3678 morrfionem
1436 3604 1575 3671 eorum,

395 3689 459 3765 vel
475 3700 596 3784 prater
619 3682 732 3778 ipsos,
756 3681 824 3776 vel⁴
835 3695 970 3781 propter
990 3679 1103 3775 ipsos,
1129 3679 1323 3780 significare
1347 3675 1487 3777 potest,
1515 3677 1575 3752 vei

388 3782 492 3889 super
505 3783 620 3886 capita
632 3779 809 3886 ipsorum,
833 3777 1023 3862 utmmfio
1036 3775 1195 3878 ipsorum
1208 3775 1316 3878 super
1333 3777 1509 3948 eapitibsus
1523 3775 1573 3862 tp

1274 3933 1278 3943 .
1472 3885 1572 3942 orum
