<?xml version="1.0" encoding="UTF-8"?>
<!DOCTYPE html PUBLIC "-//W3C//DTD XHTML 1.0 Transitional//EN"
    "http://www.w3.org/TR/xhtml1/DTD/xhtml1-transitional.dtd">
<html xmlns="http://www.w3.org/1999/xhtml" xml:lang="en" lang="en">
 <head>
  <title>
</title>
<meta http-equiv="Content-Type" content="text/html;charset=utf-8" />
  <meta name='ocr-system' content='tesseract 3.04.00' />
  <meta name='ocr-capabilities' content='ocr_page ocr_carea ocr_par ocr_line ocrx_word'/>
</head>
<body>
  <div class='ocr_page' id='page_1' title='image "./hermannivenemac00venegoog_0183.png"; bbox 0 0 3700 4667; ppageno 0'>
   <div class='ocr_carea' id='block_1_1' title="bbox 354 421 1341 550">
    <p class='ocr_par' dir='ltr' id='par_1_1' title="bbox 354 421 1341 550">
     <span class='ocr_line' id='line_1_1' title="bbox 354 421 1341 550; baseline -0.027 -18"><span class='ocrx_word' id='word_1_1' title='bbox 354 446 424 550; x_wconf 67' lang='lat' dir='ltr'><em>jus</em></span> <span class='ocrx_word' id='word_1_2' title='bbox 531 421 1341 523; x_wconf 75' lang='lat' dir='ltr'><em>c&#39;·0MMENTA1cttts</em></span> 
     </span>
    </p>
   </div>
   <div class='ocr_carea' id='block_1_2' title="bbox 330 621 1523 1085">
    <p class='ocr_par' dir='ltr' id='par_1_2' title="bbox 330 621 1523 1085">
     <span class='ocr_line' id='line_1_2' title="bbox 405 621 1521 747; baseline -0.03 -22"><span class='ocrx_word' id='word_1_3' title='bbox 405 656 480 725; x_wconf 84' lang='lat' dir='ltr'><em>cbo:</em></span> <span class='ocrx_word' id='word_1_4' title='bbox 505 650 587 747; x_wconf 79' lang='lat' dir='ltr'><em>quad</em></span> <span class='ocrx_word' id='word_1_5' title='bbox 599 644 676 743; x_wconf 78' lang='lat' dir='ltr'><em>lpfis</em></span> <span class='ocrx_word' id='word_1_6' title='bbox 694 669 758 719; x_wconf 87' lang='lat' dir='ltr'><em>non</em></span> <span class='ocrx_word' id='word_1_7' title='bbox 775 643 913 740; x_wconf 81' lang='lat' dir='ltr'><em>precepi</em></span> <span class='ocrx_word' id='word_1_8' title='bbox 916 688 936 734; x_wconf 76' lang='grc'>,</span> <span class='ocrx_word' id='word_1_9' title='bbox 948 661 1012 712; x_wconf 85' lang='lat' dir='ltr'><em>nec</em></span> <span class='ocrx_word' id='word_1_10' title='bbox 1032 642 1068 709; x_wconf 93' lang='lat' dir='ltr'><em>in</em></span> <span class='ocrx_word' id='word_1_11' title='bbox 1082 656 1135 707; x_wconf 85' lang='lat' dir='ltr'><em>aar</em></span> <span class='ocrx_word' id='word_1_12' title='bbox 1155 650 1260 703; x_wconf 88' lang='lat' dir='ltr'><em>mcum</em></span> <span class='ocrx_word' id='word_1_13' title='bbox 1280 621 1462 721; x_wconf 77' lang='lat' dir='ltr'><em>adscendit,</em></span> <span class='ocrx_word' id='word_1_14' title='bbox 1480 623 1521 693; x_wconf 85' lang='lat' dir='ltr'><em>acl</em></span> 
     </span>
     <span class='ocr_line' id='line_1_3' title="bbox 405 729 1517 849; baseline -0.03 -12"><span class='ocrx_word' id='word_1_15' title='bbox 405 767 489 836; x_wconf 88' lang='lat' dir='ltr'><em>banc</em></span> <span class='ocrx_word' id='word_1_16' title='bbox 509 754 775 835; x_wconf 82' lang='lat' dir='ltr'><em>abominationem</em></span> <span class='ocrx_word' id='word_1_17' title='bbox 781 752 993 849; x_wconf 86' lang='lat' dir='ltr'><em>faciendam,</em></span> <span class='ocrx_word' id='word_1_18' title='bbox 1019 748 1065 819; x_wconf 90' lang='lat' dir='ltr'><em>ad</em></span> <span class='ocrx_word' id='word_1_19' title='bbox 1072 767 1164 820; x_wconf 87' lang='lat' dir='ltr'><em>reum</em></span> <span class='ocrx_word' id='word_1_20' title='bbox 1177 737 1369 832; x_wconf 81' lang='lat' dir='ltr'><em>faciendum</em></span> <span class='ocrx_word' id='word_1_21' title='bbox 1383 729 1517 833; x_wconf 78' lang='lat' dir='ltr'><em>Judam·</em></span> 
     </span>
     <span class='ocr_line' id='line_1_4' title="bbox 358 847 1520 976; baseline -0.035 -24"><span class='ocrx_word' id='word_1_22' title='bbox 358 872 496 976; x_wconf 81' lang='lat' dir='ltr'><em>36..El</em></span> <span class='ocrx_word' id='word_1_23' title='bbox 515 897 604 949; x_wconf 89' lang='lat' dir='ltr'><em>nunc</em></span> <span class='ocrx_word' id='word_1_24' title='bbox 620 888 789 971; x_wconf 78' lang='lat' dir='ltr'><em>preptmea</em></span> <span class='ocrx_word' id='word_1_25' title='bbox 801 865 851 961; x_wconf 84' lang='lat' dir='ltr'><em>fic</em></span> <span class='ocrx_word' id='word_1_26' title='bbox 879 866 965 937; x_wconf 84' lang='lat' dir='ltr'><em>discit</em></span> <span class='ocrx_word' id='word_1_27' title='bbox 988 858 1121 961; x_wconf 83' lang='lat' dir='ltr'><em>Jebova</em></span> <span class='ocrx_word' id='word_1_28' title='bbox 1142 852 1236 928; x_wconf 86' lang='lat' dir='ltr'><em>Deus</em></span> <span class='ocrx_word' id='word_1_29' title='bbox 1257 848 1391 924; x_wconf 82' lang='lat' dir='ltr'><em>Israelis</em></span> <span class='ocrx_word' id='word_1_30' title='bbox 1411 848 1446 919; x_wconf 87' lang='lat' dir='ltr'><em>dt</em></span> <span class='ocrx_word' id='word_1_31' title='bbox 1466 847 1520 916; x_wconf 87' lang='lat' dir='ltr'><em>baa</em></span> 
     </span>
     <span class='ocr_line' id='line_1_5' title="bbox 330 962 1523 1085; baseline -0.031 -18"><span class='ocrx_word' id='word_1_32' title='bbox 330 1009 333 1013; x_wconf 82' lang='grc'>’</span> <span class='ocrx_word' id='word_1_33' title='bbox 406 993 506 1079; x_wconf 83' lang='lat' dir='ltr'><em>urbe,</em></span> <span class='ocrx_word' id='word_1_34' title='bbox 536 1012 633 1085; x_wconf 86' lang='lat' dir='ltr'><em>quum</em></span> <span class='ocrx_word' id='word_1_35' title='bbox 651 1009 708 1060; x_wconf 83' lang='lat' dir='ltr'><em>ms</em></span> <span class='ocrx_word' id='word_1_36' title='bbox 736 988 846 1059; x_wconf 85' lang='lat' dir='ltr'><em>dicitis</em></span> <span class='ocrx_word' id='word_1_37' title='bbox 865 982 976 1054; x_wconf 83' lang='lat' dir='ltr'><em>datam</em></span> <span class='ocrx_word' id='word_1_38' title='bbox 997 972 1055 1075; x_wconf 80' lang='lat' dir='ltr'><em>effa</em></span> <span class='ocrx_word' id='word_1_39' title='bbox 1075 979 1112 1049; x_wconf 87' lang='lat' dir='ltr'><em>ln</em></span> <span class='ocrx_word' id='word_1_40' title='bbox 1139 992 1272 1045; x_wconf 90' lang='lat' dir='ltr'><em>manum</em></span> <span class='ocrx_word' id='word_1_41' title='bbox 1291 972 1378 1064; x_wconf 82' lang='lat' dir='ltr'><em>rcg&#39;is</em></span> <span class='ocrx_word' id='word_1_42' title='bbox 1397 962 1523 1037; x_wconf 83' lang='lat' dir='ltr'><em>Bubeli&#39;s</em></span> 
     </span>
    </p>
   </div>
   <div class='ocr_carea' id='block_1_3' title="bbox 410 1094 900 1205">
    <p class='ocr_par' dir='ltr' id='par_1_3' title="bbox 410 1094 900 1205">
     <span class='ocr_line' id='line_1_6' title="bbox 410 1094 900 1205; baseline -0.018 -24"><span class='ocrx_word' id='word_1_43' title='bbox 410 1108 541 1205; x_wconf 84' lang='lat' dir='ltr'><em>gladia,</em></span> <span class='ocrx_word' id='word_1_44' title='bbox 567 1102 611 1189; x_wconf 63' lang='grc' dir='ltr'><em>δ’</em></span> <span class='ocrx_word' id='word_1_45' title='bbox 625 1101 720 1196; x_wconf 88' lang='lat' dir='ltr'><em>fame</em></span> <span class='ocrx_word' id='word_1_46' title='bbox 742 1096 786 1185; x_wconf 59' lang='grc' dir='ltr'><em>Β</em></span> <span class='ocrx_word' id='word_1_47' title='bbox 802 1094 900 1195; x_wconf 69' lang='lat' dir='ltr'><em>peste.</em></span> 
     </span>
    </p>
   </div>
   <div class='ocr_carea' id='block_1_4' title="bbox 317 1178 1532 1527">
    <p class='ocr_par' dir='ltr' id='par_1_4' title="bbox 317 1178 1532 1527">
     <span class='ocr_line' id='line_1_7' title="bbox 367 1178 1527 1297; baseline -0.02 -22"><span class='ocrx_word' id='word_1_48' title='bbox 367 1221 425 1297; x_wconf 79' lang='lat'><em>37.</em></span> <span class='ocrx_word' id='word_1_49' title='bbox 443 1196 538 1273; x_wconf 61' lang='lat' dir='ltr'><em>“Ecce</em></span> <span class='ocrx_word' id='word_1_50' title='bbox 558 1220 608 1271; x_wconf 87' lang='lat' dir='ltr'><em>me</em></span> <span class='ocrx_word' id='word_1_51' title='bbox 627 1197 864 1292; x_wconf 73' lang='lat' dir='ltr'><em>recolligentem</em></span> <span class='ocrx_word' id='word_1_52' title='bbox 885 1212 935 1265; x_wconf 88' lang='lat' dir='ltr'><em>eas</em></span> <span class='ocrx_word' id='word_1_53' title='bbox 950 1212 990 1263; x_wconf 84' lang='lat' dir='ltr'><em>es</em></span> <span class='ocrx_word' id='word_1_54' title='bbox 1012 1190 1156 1261; x_wconf 86' lang='lat' dir='ltr'><em>amnibus</em></span> <span class='ocrx_word' id='word_1_55' title='bbox 1178 1190 1299 1273; x_wconf 86' lang='lat' dir='ltr'><em>terris,</em></span> <span class='ocrx_word' id='word_1_56' title='bbox 1330 1178 1367 1255; x_wconf 85' lang='lat' dir='ltr'><em>in</em></span> <span class='ocrx_word' id='word_1_57' title='bbox 1381 1204 1459 1277; x_wconf 85' lang='lat' dir='ltr'><em>quas</em></span> <span class='ocrx_word' id='word_1_58' title='bbox 1479 1200 1527 1253; x_wconf 89' lang='lat' dir='ltr'><em>eos</em></span> 
     </span>
     <span class='ocr_line' id='line_1_8' title="bbox 415 1290 1528 1413; baseline -0.022 -24"><span class='ocrx_word' id='word_1_59' title='bbox 415 1316 530 1413; x_wconf 80' lang='lat' dir='ltr'><em>disjeci</em></span> <span class='ocrx_word' id='word_1_60' title='bbox 550 1316 659 1388; x_wconf 88' lang='lat' dir='ltr'><em>inira</em></span> <span class='ocrx_word' id='word_1_61' title='bbox 679 1331 772 1397; x_wconf 82' lang='lat' dir='ltr'><em>maa,</em></span> <span class='ocrx_word' id='word_1_62' title='bbox 804 1304 847 1391; x_wconf 55' lang='grc' dir='ltr'><em>ἐφ’</em></span> <span class='ocrx_word' id='word_1_63' title='bbox 869 1298 1127 1398; x_wconf 79' lang='lat' dir='ltr'><em>excandescentia</em></span> <span class='ocrx_word' id='word_1_64' title='bbox 1147 1321 1238 1385; x_wconf 84' lang='lat' dir='ltr'><em>mea,</em></span> <span class='ocrx_word' id='word_1_65' title='bbox 1264 1294 1308 1378; x_wconf 55' lang='grc' dir='ltr'><em>ἃ</em></span> <span class='ocrx_word' id='word_1_66' title='bbox 1322 1290 1528 1392; x_wconf 83' lang='lat' dir='ltr'><em>effervescen-</em></span> 
     </span>
     <span class='ocr_line' id='line_1_9' title="bbox 317 1405 1532 1527; baseline -0.031 -12"><span class='ocrx_word' id='word_1_67' title='bbox 317 1508 320 1515; x_wconf 90' lang='lat'><em>.</em></span> <span class='ocrx_word' id='word_1_68' title='bbox 417 1438 467 1506; x_wconf 90' lang='lat' dir='ltr'><em>tia</em></span> <span class='ocrx_word' id='word_1_69' title='bbox 486 1451 626 1527; x_wconf 84' lang='lat' dir='ltr'><em>magna,</em></span> <span class='ocrx_word' id='word_1_70' title='bbox 653 1421 696 1509; x_wconf 54' lang='grc' dir='ltr'>ὅ</span> <span class='ocrx_word' id='word_1_71' title='bbox 716 1424 884 1496; x_wconf 85' lang='lat' dir='ltr'><em>redimens</em></span> <span class='ocrx_word' id='word_1_72' title='bbox 897 1416 1029 1512; x_wconf 86' lang='lat' dir='ltr'><em>faciam</em></span> <span class='ocrx_word' id='word_1_73' title='bbox 1043 1420 1079 1491; x_wconf 88' lang='lat' dir='ltr'><em>in</em></span> <span class='ocrx_word' id='word_1_74' title='bbox 1098 1418 1202 1487; x_wconf 83' lang='lat' dir='ltr'><em>lacum</em></span> <span class='ocrx_word' id='word_1_75' title='bbox 1217 1413 1325 1498; x_wconf 80' lang='lat' dir='ltr'><em>berna,¹</em></span> <span class='ocrx_word' id='word_1_76' title='bbox 1350 1405 1394 1491; x_wconf 66' lang='grc' dir='ltr'><em>ξα9</em></span> <span class='ocrx_word' id='word_1_77' title='bbox 1408 1410 1532 1480; x_wconf 85' lang='lat' dir='ltr'><em>babila·</em></span> 
     </span>
    </p>
   </div>
   <div class='ocr_carea' id='block_1_5' title="bbox 159 1532 796 1635">
    <p class='ocr_par' dir='ltr' id='par_1_5' title="bbox 159 1532 796 1635">
     <span class='ocr_line' id='line_1_10' title="bbox 159 1532 796 1635; baseline -0.011 -18"><span class='ocrx_word' id='word_1_78' title='bbox 159 1543 162 1548; x_wconf 87' lang='grc'>’</span> <span class='ocrx_word' id='word_1_79' title='bbox 322 1604 326 1610; x_wconf 87' lang='lat'><strong>.</strong></span> <span class='ocrx_word' id='word_1_80' title='bbox 417 1568 455 1618; x_wconf 84' lang='lat' dir='ltr'><em>re</em></span> <span class='ocrx_word' id='word_1_81' title='bbox 469 1565 518 1618; x_wconf 87' lang='lat' dir='ltr'><em>ens</em></span> <span class='ocrx_word' id='word_1_82' title='bbox 532 1532 796 1635; x_wconf 88' lang='lat' dir='ltr'><em>saclamsecure.</em></span> 
     </span>
    </p>
   </div>
   <div class='ocr_carea' id='block_1_6' title="bbox 374 1626 1537 1978">
    <p class='ocr_par' dir='ltr' id='par_1_6' title="bbox 374 1626 1537 1978">
     <span class='ocr_line' id='line_1_11' title="bbox 374 1626 1475 1759; baseline -0.043 -16"><span class='ocrx_word' id='word_1_83' title='bbox 374 1668 432 1759; x_wconf 84' lang='lat'><em>38.</em></span> <span class='ocrx_word' id='word_1_84' title='bbox 457 1660 508 1735; x_wconf 85' lang='lat' dir='ltr'><em>Et</em></span> <span class='ocrx_word' id='word_1_85' title='bbox 531 1675 626 1735; x_wconf 87' lang='lat' dir='ltr'><em>erunt</em></span> <span class='ocrx_word' id='word_1_86' title='bbox 646 1661 727 1735; x_wconf 86' lang='lat' dir='ltr'><em>mibi</em></span> <span class='ocrx_word' id='word_1_87' title='bbox 747 1660 783 1728; x_wconf 93' lang='lat' dir='ltr'><em>in</em></span> <span class='ocrx_word' id='word_1_88' title='bbox 799 1651 974 1747; x_wconf 83' lang='lat' dir='ltr'><em>papulum,</em></span> <span class='ocrx_word' id='word_1_89' title='bbox 1000 1636 1043 1723; x_wconf 61' lang='grc' dir='ltr'><em>ἐξ</em></span> <span class='ocrx_word' id='word_1_90' title='bbox 1058 1660 1113 1735; x_wconf 86' lang='lat' dir='ltr'><em>ega</em></span> <span class='ocrx_word' id='word_1_91' title='bbox 1127 1656 1179 1709; x_wconf 84' lang='lat' dir='ltr'><em>eru</em></span> <span class='ocrx_word' id='word_1_92' title='bbox 1200 1627 1276 1729; x_wconf 81' lang='lat' dir='ltr'><em>ipfis</em></span> <span class='ocrx_word' id='word_1_93' title='bbox 1296 1634 1332 1702; x_wconf 92' lang='lat' dir='ltr'><em>in</em></span> <span class='ocrx_word' id='word_1_94' title='bbox 1353 1626 1475 1700; x_wconf 87' lang='lat' dir='ltr'><em>Deum.</em></span> 
     </span>
     <span class='ocr_line' id='line_1_12' title="bbox 377 1735 1534 1876; baseline -0.041 -23"><span class='ocrx_word' id='word_1_95' title='bbox 377 1801 435 1876; x_wconf 84' lang='lat'><em>39.</em></span> <span class='ocrx_word' id='word_1_96' title='bbox 460 1775 511 1849; x_wconf 89' lang='lat' dir='ltr'><em>Et</em></span> <span class='ocrx_word' id='word_1_97' title='bbox 526 1776 603 1849; x_wconf 88' lang='lat' dir='ltr'><em>daba</em></span> <span class='ocrx_word' id='word_1_98' title='bbox 623 1768 700 1871; x_wconf 85' lang='lat' dir='ltr'><em>ipfis</em></span> <span class='ocrx_word' id='word_1_99' title='bbox 721 1791 774 1843; x_wconf 86' lang='lat' dir='ltr'><em>erc</em></span> <span class='ocrx_word' id='word_1_100' title='bbox 794 1786 897 1837; x_wconf 87' lang='lat' dir='ltr'><em>unum</em></span> <span class='ocrx_word' id='word_1_101' title='bbox 917 1755 961 1841; x_wconf 55' lang='grc' dir='ltr'><em>ἐξ</em></span> <span class='ocrx_word' id='word_1_102' title='bbox 984 1758 1077 1827; x_wconf 86' lang='lat' dir='ltr'><em>viam</em></span> <span class='ocrx_word' id='word_1_103' title='bbox 1094 1768 1214 1833; x_wconf 84' lang='lat' dir='ltr'><em>untur,</em></span> <span class='ocrx_word' id='word_1_104' title='bbox 1239 1742 1280 1813; x_wconf 87' lang='lat' dir='ltr'><em>ad</em></span> <span class='ocrx_word' id='word_1_105' title='bbox 1293 1762 1340 1813; x_wconf 87' lang='lat' dir='ltr'><em>rnc</em></span> <span class='ocrx_word' id='word_1_106' title='bbox 1355 1735 1534 1839; x_wconf 83' lang='lat' dir='ltr'><em>timendum</em></span> 
     </span>
     <span class='ocr_line' id='line_1_13' title="bbox 380 1842 1537 1978; baseline -0.041 -12"><span class='ocrx_word' id='word_1_107' title='bbox 380 1968 386 1978; x_wconf 77' lang='grc'>,</span> <span class='ocrx_word' id='word_1_108' title='bbox 424 1889 569 1963; x_wconf 83' lang='lat' dir='ltr'><em>amnibus</em></span> <span class='ocrx_word' id='word_1_109' title='bbox 589 1886 718 1970; x_wconf 83' lang='lat' dir='ltr'><em>diebucs,</em></span> <span class='ocrx_word' id='word_1_110' title='bbox 741 1892 780 1951; x_wconf 92' lang='lat' dir='ltr'><em>ut</em></span> <span class='ocrx_word' id='word_1_111' title='bbox 800 1878 876 1977; x_wconf 84' lang='lat' dir='ltr'><em>benc</em></span> <span class='ocrx_word' id='word_1_112' title='bbox 890 1864 937 1963; x_wconf 80' lang='lat' dir='ltr'><em>fit</em></span> <span class='ocrx_word' id='word_1_113' title='bbox 957 1859 1054 1962; x_wconf 81' lang='lat' dir='ltr'><em>ipfis,</em></span> <span class='ocrx_word' id='word_1_114' title='bbox 1080 1854 1122 1943; x_wconf 63' lang='grc' dir='ltr'><em>δ’</em></span> <span class='ocrx_word' id='word_1_115' title='bbox 1137 1850 1227 1950; x_wconf 83' lang='lat' dir='ltr'><em>fillis</em></span> <span class='ocrx_word' id='word_1_116' title='bbox 1240 1871 1348 1925; x_wconf 88' lang='lat' dir='ltr'><em>etrum</em></span> <span class='ocrx_word' id='word_1_117' title='bbox 1356 1842 1425 1943; x_wconf 82' lang='lat' dir='ltr'><em>pasl</em></span> <span class='ocrx_word' id='word_1_118' title='bbox 1440 1842 1537 1944; x_wconf 82' lang='lat' dir='ltr'><em>ipsas.</em></span> 
     </span>
    </p>
   </div>
   <div class='ocr_carea' id='block_1_7' title="bbox 102 1956 1545 2097">
    <p class='ocr_par' dir='ltr' id='par_1_7' title="bbox 102 1956 1545 2097">
     <span class='ocr_line' id='line_1_14' title="bbox 102 1956 1545 2097; baseline -0.021 -16"><span class='ocrx_word' id='word_1_119' title='bbox 102 1956 109 1965; x_wconf 29' lang='grc' dir='ltr'>Ι</span> <span class='ocrx_word' id='word_1_120' title='bbox 255 2048 306 2073; x_wconf 86' lang='lat'><em>.-</em></span> <span class='ocrx_word' id='word_1_121' title='bbox 377 2024 439 2094; x_wconf 88' lang='lat'><em>40.</em></span> <span class='ocrx_word' id='word_1_122' title='bbox 464 1999 515 2074; x_wconf 87' lang='lat' dir='ltr'><em>Et</em></span> <span class='ocrx_word' id='word_1_123' title='bbox 532 2002 716 2097; x_wconf 83' lang='lat' dir='ltr'><em>percutiam</em></span> <span class='ocrx_word' id='word_1_124' title='bbox 728 1987 826 2088; x_wconf 71' lang='lat' dir='ltr'><em>ipsu,</em></span> <span class='ocrx_word' id='word_1_125' title='bbox 850 1982 910 2058; x_wconf 82' lang='lat' dir='ltr'><em>vel</em></span> <span class='ocrx_word' id='word_1_126' title='bbox 924 2000 998 2053; x_wconf 67' lang='lat' dir='ltr'><em>ium</em></span> <span class='ocrx_word' id='word_1_127' title='bbox 1016 1966 1115 2070; x_wconf 62' lang='lat' dir='ltr'><em>listis</em></span> <span class='ocrx_word' id='word_1_128' title='bbox 1136 1962 1166 2059; x_wconf 81' lang='lat' dir='ltr'><em>f</em></span> <span class='ocrx_word' id='word_1_129' title='bbox 1163 1964 1246 2038; x_wconf 87' lang='lat' dir='ltr'><em>udus</em></span> <span class='ocrx_word' id='word_1_130' title='bbox 1260 1974 1436 2046; x_wconf 63' lang='lat' dir='ltr'><em>‘imum’</em></span> <span class='ocrx_word' id='word_1_131' title='bbox 1462 1957 1545 2053; x_wconf 55' lang='lat'><em>4⁰⁰5</em></span> 
     </span>
    </p>
   </div>
   <div class='ocr_carea' id='block_1_8' title="bbox 309 3923 936 4049">
    <p class='ocr_par' dir='ltr' id='par_1_8' title="bbox 309 3923 936 4049">
     <span class='ocr_line' id='line_1_15' title="bbox 309 3923 936 4049; baseline -0.053 -18"><span class='ocrx_word' id='word_1_132' title='bbox 309 3923 312 3932; x_wconf 41' lang='lat'><strong><em>¹</em></strong></span> <span class='ocrx_word' id='word_1_133' title='bbox 454 3942 650 4049; x_wconf 71' lang='lat' dir='ltr'><em>inspiratum</em></span> <span class='ocrx_word' id='word_1_134' title='bbox 669 3929 843 4040; x_wconf 53' lang='lat' dir='ltr'><em>Jebsva„</em></span> <span class='ocrx_word' id='word_1_135' title='bbox 932 3982 936 3989; x_wconf 92' lang='lat'><em>.</em></span> 
     </span>
    </p>
   </div>
   <div class='ocr_carea' id='block_1_9' title="bbox 382 2064 1629 3920">
    <p class='ocr_par' dir='ltr' id='par_1_9' title="bbox 428 2064 1547 2311">
     <span class='ocr_line' id='line_1_16' title="bbox 428 2064 1547 2197; baseline -0.042 -16"><span class='ocrx_word' id='word_1_136' title='bbox 428 2129 494 2181; x_wconf 88' lang='lat' dir='ltr'><em>nan</em></span> <span class='ocrx_word' id='word_1_137' title='bbox 507 2097 663 2197; x_wconf 80' lang='lat' dir='ltr'><em>discedam</em></span> <span class='ocrx_word' id='word_1_138' title='bbox 677 2100 718 2169; x_wconf 92' lang='lat' dir='ltr'><em>ab</em></span> <span class='ocrx_word' id='word_1_139' title='bbox 737 2092 834 2189; x_wconf 71' lang='lat' dir='ltr'><em>ipss,</em></span> <span class='ocrx_word' id='word_1_140' title='bbox 853 2114 894 2163; x_wconf 86' lang='lat' dir='ltr'><em>nc</em></span> <span class='ocrx_word' id='word_1_141' title='bbox 916 2080 994 2179; x_wconf 83' lang='lat' dir='ltr'><em>ipfis</em></span> <span class='ocrx_word' id='word_1_142' title='bbox 1015 2070 1235 2167; x_wconf 84' lang='lat' dir='ltr'><em>benefaciam,</em></span> <span class='ocrx_word' id='word_1_143' title='bbox 1262 2064 1307 2150; x_wconf 58' lang='grc' dir='ltr'><em>ἃ</em></span> <span class='ocrx_word' id='word_1_144' title='bbox 1321 2072 1471 2141; x_wconf 87' lang='lat' dir='ltr'><em>tinnrcm</em></span> <span class='ocrx_word' id='word_1_145' title='bbox 1483 2064 1547 2139; x_wconf 80' lang='lat' dir='ltr'><em>mei</em></span> 
     </span>
     <span class='ocr_line' id='line_1_17' title="bbox 428 2182 1368 2311; baseline -0.043 -14"><span class='ocrx_word' id='word_1_146' title='bbox 428 2225 567 2296; x_wconf 84' lang='lat' dir='ltr'><em>daturus</em></span> <span class='ocrx_word' id='word_1_147' title='bbox 579 2216 646 2311; x_wconf 79' lang='lat' dir='ltr'><em>fim</em></span> <span class='ocrx_word' id='word_1_148' title='bbox 665 2219 702 2286; x_wconf 92' lang='lat' dir='ltr'><em>in</em></span> <span class='ocrx_word' id='word_1_149' title='bbox 723 2210 813 2282; x_wconf 89' lang='lat' dir='ltr'><em>carde</em></span> <span class='ocrx_word' id='word_1_150' title='bbox 832 2200 993 2300; x_wconf 85' lang='lat' dir='ltr'><em>ipsorum,</em></span> <span class='ocrx_word' id='word_1_151' title='bbox 1018 2216 1059 2267; x_wconf 86' lang='lat' dir='ltr'><em>nc</em></span> <span class='ocrx_word' id='word_1_152' title='bbox 1079 2213 1100 2262; x_wconf 90' lang='lat' dir='ltr'><em>a</em></span> <span class='ocrx_word' id='word_1_153' title='bbox 1120 2211 1170 2261; x_wconf 90' lang='lat' dir='ltr'><em>me</em></span> <span class='ocrx_word' id='word_1_154' title='bbox 1192 2182 1368 2281; x_wconf 87' lang='lat' dir='ltr'><em>discedant.</em></span> 
     </span>
    </p>

    <p class='ocr_par' dir='ltr' id='par_1_10' title="bbox 382 2296 1561 2645">
     <span class='ocr_line' id='line_1_18' title="bbox 382 2296 1552 2435; baseline -0.041 -17"><span class='ocrx_word' id='word_1_155' title='bbox 382 2360 442 2435; x_wconf 88' lang='lat'><em>41.</em></span> <span class='ocrx_word' id='word_1_156' title='bbox 468 2335 518 2413; x_wconf 87' lang='lat' dir='ltr'><em>Et</em></span> <span class='ocrx_word' id='word_1_157' title='bbox 548 2334 637 2407; x_wconf 87' lang='lat' dir='ltr'><em>oculo</em></span> <span class='ocrx_word' id='word_1_158' title='bbox 662 2337 798 2403; x_wconf 89' lang='lat' dir='ltr'><em>natante</em></span> <span class='ocrx_word' id='word_1_159' title='bbox 827 2309 1078 2414; x_wconf 81' lang='lat' dir='ltr'><em>exsultabundus</em></span> <span class='ocrx_word' id='word_1_160' title='bbox 1113 2323 1162 2378; x_wconf 90' lang='lat' dir='ltr'><em>eus</em></span> <span class='ocrx_word' id='word_1_161' title='bbox 1190 2296 1321 2397; x_wconf 83' lang='lat' dir='ltr'><em>desuper</em></span> <span class='ocrx_word' id='word_1_162' title='bbox 1341 2302 1495 2375; x_wconf 86' lang='lat' dir='ltr'><em>intuebar</em></span> <span class='ocrx_word' id='word_1_163' title='bbox 1509 2296 1552 2371; x_wconf 86' lang='lat' dir='ltr'><em>ad</em></span> 
     </span>
     <span class='ocr_line' id='line_1_19' title="bbox 431 2388 1561 2546; baseline -0.042 -14"><span class='ocrx_word' id='word_1_164' title='bbox 431 2448 694 2546; x_wconf 79' lang='lat' dir='ltr'><em>benefaciendum</em></span> <span class='ocrx_word' id='word_1_165' title='bbox 712 2434 808 2538; x_wconf 74' lang='lat' dir='ltr'><em>ipss,</em></span> <span class='ocrx_word' id='word_1_166' title='bbox 841 2429 884 2518; x_wconf 60' lang='grc' dir='ltr'>ὅ</span> <span class='ocrx_word' id='word_1_167' title='bbox 903 2426 1061 2529; x_wconf 77' lang='lat' dir='ltr'><em>plantata</em></span> <span class='ocrx_word' id='word_1_168' title='bbox 1081 2416 1163 2519; x_wconf 80' lang='lat' dir='ltr'><em>ipsas</em></span> <span class='ocrx_word' id='word_1_169' title='bbox 1184 2422 1221 2491; x_wconf 90' lang='lat' dir='ltr'><em>in</em></span> <span class='ocrx_word' id='word_1_170' title='bbox 1242 2417 1300 2489; x_wconf 90' lang='lat' dir='ltr'><em>bac</em></span> <span class='ocrx_word' id='word_1_171' title='bbox 1322 2427 1412 2490; x_wconf 84' lang='lat' dir='ltr'><em>terra</em></span> <span class='ocrx_word' id='word_1_172' title='bbox 1434 2418 1474 2491; x_wconf 89' lang='lat' dir='ltr'><em>in</em></span> <span class='ocrx_word' id='word_1_173' title='bbox 1496 2388 1561 2487; x_wconf 68' lang='lat' dir='ltr'><em>stu-⁴</em></span> 
     </span>
     <span class='ocr_line' id='line_1_20' title="bbox 433 2543 1231 2645; baseline -0.045 -2"><span class='ocrx_word' id='word_1_174' title='bbox 433 2576 534 2645; x_wconf 86' lang='lat' dir='ltr'><em>ritate</em></span> <span class='ocrx_word' id='word_1_175' title='bbox 555 2579 620 2640; x_wconf 89' lang='lat' dir='ltr'><em>tatu</em></span> <span class='ocrx_word' id='word_1_176' title='bbox 642 2560 732 2637; x_wconf 86' lang='lat' dir='ltr'><em>crrde</em></span> <span class='ocrx_word' id='word_1_177' title='bbox 751 2577 837 2642; x_wconf 89' lang='lat' dir='ltr'><em>mea,</em></span> <span class='ocrx_word' id='word_1_178' title='bbox 862 2545 906 2632; x_wconf 63' lang='grc' dir='ltr'><em>ἃ</em></span> <span class='ocrx_word' id='word_1_179' title='bbox 928 2559 997 2618; x_wconf 85' lang='lat' dir='ltr'><em>tnta</em></span> <span class='ocrx_word' id='word_1_180' title='bbox 1017 2543 1129 2613; x_wconf 89' lang='lat' dir='ltr'><em>anima</em></span> <span class='ocrx_word' id='word_1_181' title='bbox 1148 2558 1231 2611; x_wconf 86' lang='lat' dir='ltr'><em>meu.</em></span> 
     </span>
    </p>

    <p class='ocr_par' dir='ltr' id='par_1_11' title="bbox 383 2644 1556 2784">
     <span class='ocr_line' id='line_1_21' title="bbox 383 2644 1556 2784; baseline -0.035 -24"><span class='ocrx_word' id='word_1_182' title='bbox 383 2708 443 2781; x_wconf 78' lang='lat'><em>42.</em></span> <span class='ocrx_word' id='word_1_183' title='bbox 470 2678 618 2784; x_wconf 68' lang='lat' dir='ltr'><em>Quiass</em></span> <span class='ocrx_word' id='word_1_184' title='bbox 638 2678 724 2751; x_wconf 83' lang='lat' dir='ltr'><em>discit</em></span> <span class='ocrx_word' id='word_1_185' title='bbox 739 2668 893 2769; x_wconf 66' lang='lat' dir='ltr'><em>Jcbavm</em></span> <span class='ocrx_word' id='word_1_186' title='bbox 910 2658 998 2754; x_wconf 86' lang='lat' dir='ltr'><em>ficut</em></span> <span class='ocrx_word' id='word_1_187' title='bbox 1011 2652 1228 2750; x_wconf 83' lang='lat' dir='ltr'><em>superuenire</em></span> <span class='ocrx_word' id='word_1_188' title='bbox 1249 2652 1324 2724; x_wconf 86' lang='lat' dir='ltr'><em>buia</em></span> <span class='ocrx_word' id='word_1_189' title='bbox 1340 2652 1460 2743; x_wconf 79' lang='lat' dir='ltr'><em>popula</em></span> <span class='ocrx_word' id='word_1_190' title='bbox 1475 2644 1556 2739; x_wconf 86' lang='lat' dir='ltr'><em>secl</em></span> 
     </span>
    </p>

    <p class='ocr_par' dir='ltr' id='par_1_12' title="bbox 413 2756 1552 3002">
     <span class='ocr_line' id='line_1_22' title="bbox 413 2756 1552 2891; baseline -0.045 -13"><span class='ocrx_word' id='word_1_191' title='bbox 413 2875 417 2880; x_wconf 86' lang='grc'><strong>,</strong></span> <span class='ocrx_word' id='word_1_192' title='bbox 437 2820 560 2874; x_wconf 90' lang='lat' dir='ltr'><em>amnem</em></span> <span class='ocrx_word' id='word_1_193' title='bbox 580 2787 810 2891; x_wconf 71' lang='lat' dir='ltr'><em>quassationem</em></span> <span class='ocrx_word' id='word_1_194' title='bbox 827 2798 984 2888; x_wconf 82' lang='lat' dir='ltr'><em>magnam</em></span> <span class='ocrx_word' id='word_1_195' title='bbox 1004 2774 1106 2844; x_wconf 87' lang='lat' dir='ltr'><em>bunc:</em></span> <span class='ocrx_word' id='word_1_196' title='bbox 1130 2771 1182 2836; x_wconf 88' lang='lat' dir='ltr'><em>ita</em></span> <span class='ocrx_word' id='word_1_197' title='bbox 1201 2784 1255 2857; x_wconf 80' lang='lat' dir='ltr'><em>aga</em></span> <span class='ocrx_word' id='word_1_198' title='bbox 1276 2760 1431 2831; x_wconf 74' lang='lat' dir='ltr'><em>adduam</em></span> <span class='ocrx_word' id='word_1_199' title='bbox 1441 2756 1552 2851; x_wconf 84' lang='lat' dir='ltr'><em>snper</em></span> 
     </span>
     <span class='ocr_line' id='line_1_23' title="bbox 438 2875 1280 3002; baseline -0.04 -17"><span class='ocrx_word' id='word_1_200' title='bbox 438 2934 489 2986; x_wconf 87' lang='lat' dir='ltr'><em>eus</em></span> <span class='ocrx_word' id='word_1_201' title='bbox 511 2930 602 2982; x_wconf 87' lang='lat' dir='ltr'><em>amne</em></span> <span class='ocrx_word' id='word_1_202' title='bbox 621 2908 756 2994; x_wconf 88' lang='lat' dir='ltr'><em>burrum,</em></span> <span class='ocrx_word' id='word_1_203' title='bbox 781 2900 862 3002; x_wconf 82' lang='lat' dir='ltr'><em>qrnd</em></span> <span class='ocrx_word' id='word_1_204' title='bbox 881 2900 1007 2970; x_wconf 85' lang='lat' dir='ltr'><em>locutus</em></span> <span class='ocrx_word' id='word_1_205' title='bbox 1017 2880 1096 2980; x_wconf 83' lang='lat' dir='ltr'><em>sum</em></span> <span class='ocrx_word' id='word_1_206' title='bbox 1106 2875 1206 2977; x_wconf 85' lang='lat' dir='ltr'><em>super</em></span> <span class='ocrx_word' id='word_1_207' title='bbox 1226 2882 1280 2951; x_wconf 89' lang='lat' dir='ltr'><em>iis.</em></span> 
     </span>
    </p>

    <p class='ocr_par' dir='ltr' id='par_1_13' title="bbox 391 2984 1566 3330">
     <span class='ocr_line' id='line_1_24' title="bbox 391 2984 1558 3122; baseline -0.044 -17"><span class='ocrx_word' id='word_1_208' title='bbox 391 3047 452 3122; x_wconf 85' lang='lat'><em>43.</em></span> <span class='ocrx_word' id='word_1_209' title='bbox 480 3020 531 3097; x_wconf 83' lang='lat' dir='ltr'><em>Et</em></span> <span class='ocrx_word' id='word_1_210' title='bbox 554 3016 754 3120; x_wconf 73' lang='lat' dir='ltr'><em>pusilentus</em></span> <span class='ocrx_word' id='word_1_211' title='bbox 780 3036 859 3113; x_wconf 77' lang='lat' dir='ltr'><em>ager</em></span> <span class='ocrx_word' id='word_1_212' title='bbox 885 3011 923 3081; x_wconf 88' lang='lat' dir='ltr'><em>ln</em></span> <span class='ocrx_word' id='word_1_213' title='bbox 950 3004 1008 3075; x_wconf 88' lang='lat' dir='ltr'><em>bac</em></span> <span class='ocrx_word' id='word_1_214' title='bbox 1033 3008 1147 3081; x_wconf 89' lang='lat' dir='ltr'><em>terra,</em></span> <span class='ocrx_word' id='word_1_215' title='bbox 1186 2990 1385 3087; x_wconf 72' lang='lat' dir='ltr'><em>manasses</em></span> <span class='ocrx_word' id='word_1_216' title='bbox 1405 2984 1521 3058; x_wconf 87' lang='lat' dir='ltr'><em>dicitis</em></span> <span class='ocrx_word' id='word_1_217' title='bbox 1543 3008 1558 3075; x_wconf 83' lang='lat'><em>3</em></span> 
     </span>
     <span class='ocr_line' id='line_1_25' title="bbox 442 3092 1566 3227; baseline -0.034 -22"><span class='ocrx_word' id='word_1_218' title='bbox 442 3128 585 3227; x_wconf 77' lang='lat' dir='ltr'><em>vastatio</em></span> <span class='ocrx_word' id='word_1_219' title='bbox 606 3130 669 3203; x_wconf 89' lang='lat' dir='ltr'><em>illa</em></span> <span class='ocrx_word' id='word_1_220' title='bbox 688 3124 759 3217; x_wconf 85' lang='lat' dir='ltr'><em>est,</em></span> <span class='ocrx_word' id='word_1_221' title='bbox 773 3121 845 3221; x_wconf 80' lang='lat' dir='ltr'><em>fine</em></span> <span class='ocrx_word' id='word_1_222' title='bbox 865 3098 1103 3192; x_wconf 76' lang='lat' dir='ltr'><em>hominbus&amp;</em></span> <span class='ocrx_word' id='word_1_223' title='bbox 1118 3100 1338 3193; x_wconf 81' lang='lat' dir='ltr'><em>animalibus,</em></span> <span class='ocrx_word' id='word_1_224' title='bbox 1360 3095 1494 3172; x_wconf 84' lang='lat' dir='ltr'><em>tradita</em></span> <span class='ocrx_word' id='word_1_225' title='bbox 1516 3092 1566 3193; x_wconf 79' lang='lat' dir='ltr'><em>esi</em></span> 
     </span>
     <span class='ocr_line' id='line_1_26' title="bbox 442 3242 904 3330; baseline -0.019 -8"><span class='ocrx_word' id='word_1_226' title='bbox 442 3250 483 3324; x_wconf 86' lang='lat' dir='ltr'><em>in</em></span> <span class='ocrx_word' id='word_1_227' title='bbox 502 3268 618 3323; x_wconf 86' lang='lat' dir='ltr'><em>nranus</em></span> <span class='ocrx_word' id='word_1_228' title='bbox 640 3242 866 3319; x_wconf 82' lang='lat' dir='ltr'><em>Ctuierrum</em></span> <span class='ocrx_word' id='word_1_229' title='bbox 901 3322 904 3330; x_wconf 55' lang='grc'><em>,</em></span> 
     </span>
    </p>

    <p class='ocr_par' dir='ltr' id='par_1_14' title="bbox 394 3327 1577 3802">
     <span class='ocr_line' id='line_1_27' title="bbox 394 3327 1569 3462; baseline -0.035 -21"><span class='ocrx_word' id='word_1_230' title='bbox 394 3386 456 3461; x_wconf 72' lang='grc'><em>44,</em></span> <span class='ocrx_word' id='word_1_231' title='bbox 483 3360 576 3461; x_wconf 83' lang='lat' dir='ltr'><em>Agri</em></span> <span class='ocrx_word' id='word_1_232' title='bbox 596 3375 731 3462; x_wconf 81' lang='lat' dir='ltr'><em>argenta</em></span> <span class='ocrx_word' id='word_1_233' title='bbox 752 3364 919 3442; x_wconf 89' lang='lat' dir='ltr'><em>ementur,</em></span> <span class='ocrx_word' id='word_1_234' title='bbox 952 3338 1018 3437; x_wconf 65' lang='grc' dir='ltr'><em>δ’,</em></span> <span class='ocrx_word' id='word_1_235' title='bbox 1049 3340 1110 3417; x_wconf 88' lang='lat' dir='ltr'><em>vel</em></span> <span class='ocrx_word' id='word_1_236' title='bbox 1122 3332 1231 3434; x_wconf 79' lang='lat' dir='ltr'><em>ficut,</em></span> <span class='ocrx_word' id='word_1_237' title='bbox 1246 3332 1391 3431; x_wconf 80' lang='lat' dir='ltr'><em>scribere</em></span> <span class='ocrx_word' id='word_1_238' title='bbox 1402 3333 1439 3403; x_wconf 92' lang='lat' dir='ltr'><em>in</em></span> <span class='ocrx_word' id='word_1_239' title='bbox 1454 3327 1569 3417; x_wconf 87' lang='lat' dir='ltr'><em>libra,</em></span> 
     </span>
     <span class='ocr_line' id='line_1_28' title="bbox 446 3438 1572 3577; baseline -0.047 -19"><span class='ocrx_word' id='word_1_240' title='bbox 446 3475 492 3564; x_wconf 68' lang='grc' dir='ltr'><em>δ’</em></span> <span class='ocrx_word' id='word_1_241' title='bbox 506 3476 689 3577; x_wconf 80' lang='lat' dir='ltr'><em>abfignare,</em></span> <span class='ocrx_word' id='word_1_242' title='bbox 714 3470 758 3558; x_wconf 60' lang='grc' dir='ltr'><em>ὃ</em></span> <span class='ocrx_word' id='word_1_243' title='bbox 771 3464 1044 3564; x_wconf 62' lang='lat' dir='ltr'><em>casinatium,</em></span> <span class='ocrx_word' id='word_1_244' title='bbox 1067 3462 1207 3528; x_wconf 79' lang='lat' dir='ltr'><em>intem</em></span> <span class='ocrx_word' id='word_1_245' title='bbox 1220 3446 1446 3540; x_wconf 75' lang='lat' dir='ltr'><em>Beniaminis,</em></span> <span class='ocrx_word' id='word_1_246' title='bbox 1465 3438 1516 3523; x_wconf 62' lang='grc' dir='ltr'><em>θ’</em></span> <span class='ocrx_word' id='word_1_247' title='bbox 1530 3444 1572 3515; x_wconf 75' lang='lat' dir='ltr'><em>tn</em></span> 
     </span>
     <span class='ocr_line' id='line_1_29' title="bbox 445 3550 1573 3688; baseline -0.035 -19"><span class='ocrx_word' id='word_1_248' title='bbox 445 3590 747 3688; x_wconf 77' lang='lat' dir='ltr'><em>circumjacmritus</em></span> <span class='ocrx_word' id='word_1_249' title='bbox 761 3575 1011 3676; x_wconf 73' lang='lat' dir='ltr'><em>ldmsulyna2</em></span> <span class='ocrx_word' id='word_1_250' title='bbox 1033 3563 1077 3650; x_wconf 67' lang='grc' dir='ltr'><em>δ’</em></span> <span class='ocrx_word' id='word_1_251' title='bbox 1098 3568 1137 3638; x_wconf 85' lang='lat' dir='ltr'><em>ln</em></span> <span class='ocrx_word' id='word_1_252' title='bbox 1154 3560 1285 3635; x_wconf 79' lang='lat' dir='ltr'><em>urttms</em></span> <span class='ocrx_word' id='word_1_253' title='bbox 1307 3551 1429 3653; x_wconf 73' lang='lat' dir='ltr'><em>June,</em></span> <span class='ocrx_word' id='word_1_254' title='bbox 1457 3550 1509 3637; x_wconf 63' lang='grc' dir='ltr'><em>θ’</em></span> <span class='ocrx_word' id='word_1_255' title='bbox 1531 3558 1573 3630; x_wconf 85' lang='lat' dir='ltr'><em>iu</em></span> 
     </span>
     <span class='ocr_line' id='line_1_30' title="bbox 447 3668 1577 3802; baseline -0.05 -5"><span class='ocrx_word' id='word_1_256' title='bbox 447 3724 582 3802; x_wconf 79' lang='lat' dir='ltr'><em>urbibus</em></span> <span class='ocrx_word' id='word_1_257' title='bbox 593 3714 761 3799; x_wconf 85' lang='lat' dir='ltr'><em>montani,</em></span> <span class='ocrx_word' id='word_1_258' title='bbox 775 3703 820 3792; x_wconf 68' lang='lat' dir='ltr'><em>i?</em></span> <span class='ocrx_word' id='word_1_259' title='bbox 832 3707 871 3779; x_wconf 88' lang='lat' dir='ltr'><em>in</em></span> <span class='ocrx_word' id='word_1_260' title='bbox 883 3696 1015 3775; x_wconf 84' lang='lat' dir='ltr'><em>urbibus</em></span> <span class='ocrx_word' id='word_1_261' title='bbox 1030 3680 1190 3781; x_wconf 86' lang='lat' dir='ltr'><em>Sepbela,</em></span> <span class='ocrx_word' id='word_1_262' title='bbox 1202 3672 1263 3750; x_wconf 86' lang='lat' dir='ltr'><em>seu</em></span> <span class='ocrx_word' id='word_1_263' title='bbox 1271 3675 1451 3772; x_wconf 80' lang='lat' dir='ltr'><em>planitiei,</em></span> <span class='ocrx_word' id='word_1_264' title='bbox 1469 3668 1520 3755; x_wconf 53' lang='grc' dir='ltr'><em>ἐφ’</em></span> <span class='ocrx_word' id='word_1_265' title='bbox 1535 3674 1577 3747; x_wconf 79' lang='lat' dir='ltr'><em>in</em></span> 
     </span>
    </p>

    <p class='ocr_par' dir='ltr' id='par_1_15' title="bbox 427 3792 1629 3920">
     <span class='ocr_line' id='line_1_31' title="bbox 427 3792 1629 3920; baseline -0.044 -9"><span class='ocrx_word' id='word_1_266' title='bbox 427 3830 582 3911; x_wconf 72' lang='lat' dir='ltr'><em>&#39;urbbus</em></span> <span class='ocrx_word' id='word_1_267' title='bbox 613 3818 836 3920; x_wconf 85' lang='lat' dir='ltr'><em>auslrulibus,</em></span> <span class='ocrx_word' id='word_1_268' title='bbox 879 3812 959 3914; x_wconf 71' lang='lat' dir='ltr'><em>quin</em></span> <span class='ocrx_word' id='word_1_269' title='bbox 976 3792 1148 3897; x_wconf 72' lang='lat' dir='ltr'><em>rdinum</em></span> <span class='ocrx_word' id='word_1_270' title='bbox 1173 3794 1404 3892; x_wconf 76' lang='lat' dir='ltr'><em>captivitatem</em></span> <span class='ocrx_word' id='word_1_271' title='bbox 1429 3806 1574 3861; x_wconf 77' lang='lat' dir='ltr'><em>ecrums</em></span> <span class='ocrx_word' id='word_1_272' title='bbox 1623 3846 1629 3859; x_wconf 92' lang='grc'><em>,</em></span> 
     </span>
    </p>
   </div>
   <div class='ocr_carea' id='block_1_10' title="bbox 1240 3992 1581 4106">
    <p class='ocr_par' dir='ltr' id='par_1_16' title="bbox 1240 3992 1581 4106">
     <span class='ocr_line' id='line_1_32' title="bbox 1240 3992 1581 4106; baseline -0.041 -14"><span class='ocrx_word' id='word_1_273' title='bbox 1240 4014 1275 4106; x_wconf 84' lang='lat'><em>§.-</em></span> <span class='ocrx_word' id='word_1_274' title='bbox 1297 3992 1466 4089; x_wconf 82' lang='lat' dir='ltr'><strong>DXLIV·</strong></span> <span class='ocrx_word' id='word_1_275' title='bbox 1494 3994 1581 4079; x_wconf 58' lang='lat' dir='ltr'><em>Des</em></span> 
     </span>
    </p>
   </div>
   <div class='ocr_carea' id='block_1_11' title="bbox 0 0 1928 4667">
    <p class='ocr_par' dir='ltr' id='par_1_17' title="bbox 0 0 1928 4667">
     <span class='ocr_line' id='line_1_33' title="bbox 0 0 1928 4667; baseline 0 0"><span class='ocrx_word' id='word_1_276' title='bbox 0 0 1928 4667; x_wconf 95' lang='lat' dir='ltr'><em> </em></span> 
     </span>
    </p>
   </div>
  </div>
 </body>
</html>
