3700 4667
432 418 527 512 1096
588 416 1409 508 ‚COMMENTARIUS

405 612 492 705 ait,
511 619 612 709 ,quod
630 625 699 716 per'
716 623 856 701 altinas
870 625 1003 702 litteras
1020 627 1120 702 vocis
1145 629 1235 706 ntea
1266 628 1394 705 vocula
1405 627 1465 705 illa
1479 629 1522 708 lit
1533 631 1588 708 al-

406 710 554 821 .iorpta
596 717 667 793 Sed
679 721 797 814 potest
811 745 952 818 quoque
965 724 1000 798 tc
1015 725 1110 800 forte
1125 725 1250 802 retiius
1263 726 1479 802 adfirmative
1493 731 1589 826 capi,

426 809 626 911 corrafiffent
639 832 698 912 pro
711 820 983 918 capacitatesua,
1010 839 1050 898 ut
1062 822 1119 899 sit:
1143 823 1489 916 furessrintmilent,
1514 829 1592 922 plus

408 929 504 982 non
517 914 718 990 eorrasuros
734 915 823 1007 effe3
849 941 954 1012 quarn
967 940 1093 1015 capere
1107 921 1258 1015 pollent.
1289 922 1399 1023 Quod
1412 923 1504 998 idem
1517 923 1594 1018 est,

424 1005 492 1116 aest
509 1011 763 1110 interrogative
793 1016 908 1112 legas,
940 1042 1043 1091 aronae
1065 1019 1101 1092 id
1122 1018 1306 1096 fecissent?
1337 1042 1420 1096 curn
1434 1017 1596 1099 adfirmet

426 1108 600 1194 ejusmodi
621 1111 864 1210 interrogatio.
913 1113 974 1188 Ne
986 1128 1106 1193 autem
1120 1119 1194 1212 quis
1207 1120 1469 1213 circa-verbum
1493 1142 1597 1196 nnvn

428 1221 512 1282 curn
537 1206 717 1283 Schmidio
737 1211 982 1303 obhaerescat,
1014 1212 1081 1288 acll
1103 1217 1148 1288 ad
1172 1215 1315 1308 hostes,
1349 1239 1431 1291 curn
1460 1213 1597 1292 iuribus
1702 1289 1706 1304 ,

410 1320 672 1400 eomparatos,
698 1305 820 1383 &non
827 1305 948 1401 fures,
973 1311 1204 1391 referendum
1216 1313 1322 1406 effet,
1338 1313 1453 1390 notari
1468 1314 1596 1406 velim,

426 1404 582 1496 perdendi
603 1403 819 1481 intellettum
842 1407 902 1482 hic
922 1431 998 1484 non
1018 1409 1087 1484 else
1109 1412 1390 1503 adtendendum,
1417 1411 1477 1485 sed
1490 1431 1595 1486 corra-

426 1498 523 1573 dendt‘
535 1550 548 1591 ,
576 1503 636 1595 qui
650 1503 822 1597 primariae
836 1505 962 1582 radicis
976 1507 1140 1602 potestati
1151 1509 1275 1584 tetrius
1288 1508 1470 1582 convenit.
1519 1507 1595 1580 De-

410 1610 531 1672 .notat
554 1599 649 1674 enim
668 1602 814 1697 proprie
829 1626 872 1676 ru
899 1610 942 1694 t,
968 1605 1131 1680 vellendo
1143 1628 1184 1678 ac
1200 1606 1357 1692 radendo,
1384 1603 1478 1678 unde
1496 1602 1591 1694 apud

428 1693 538 1770 Arab.
552 1717 619 1790 pro
640 1699 815 1791 tertam,
862 1723 910 1778 eu
931 1701 1127 1795 disperdere
1148 1699 1322 1789 radendo,
1355 1721 1430 1773 non
1452 1697 1591 1786 solum,
1697 1693 1704 1714 ’

409 1849 414 1858 .
436 1789 498 1865 sed
517 1791 553 1866 dt
573 1817 639 1888 pro
662 1799 829 1872 certatim
845 1821 910 1895 per
922 1797 974 1874 ias
989 1799 1161 1890 tenens,
1183 1796 1386 1893 usurpann3
1403 1795 1463 1871 'uti
1474 1793 1597 1871 obier-

429 1889 528 1967 vavit
541 1888 596 1966 ct.
611 1893 797 1971 Schultens
819 1929 850 1973 a.
1578 1925 1588 1944 ·

464 1993 510 2102 ‚5⁰
525 1986 716 2103 DQCXIX.
767 1998 803 2084 β.
828 1996 965 2090 subjun
991 1999 1019 2075 it
1040 1997 1139 2074 Deus
1159 2003 1336 2086 rationein,
1368 2015 1474 2088 quare
1495 1993 1602 2106 longe

427 2086 532 2162 aliam
554 2087 811 2184 drreptionem,
836 2093 934 2172 &to
983 2119 1060 2186 em,
1085 2097 1247 2171 facerent
1259 2093 1397 2183 hostes,
1416 2091 1500 2167 inde
1514 2105 1602 2186 petr-

428 2199 521 2273 tam,
536 2187 644 2279 'quod
662 2187 762 2262 Deus
785 2187 858 2280 ipse
872 2213 939 2284 per
951 2193 1121 2286 judicium
1136 2194 1257 2284 suurn,
1279 2195 1322 2266 ab
1337 2188 1491 2264 hostibus
1506 2185 1604 2262 exse·

414 2280 632 2376 nuendum,
664 2283 734 2358 hoc
749 2281 925 2377 efficeret,
959 2289 1050 2364 vers.
1070 2312 1126 2365 10.
1179 2289 1269 2394 Quia
1283 2313 1337 2385 ego
1350 2286 1500 2363 deradm
1514 2281 1604 2379 Esa-

414 2404 533 2471 vvm,
566 2396 709 2479 retegam
729 2384 799 2480 ejus
820 2382 984 2482 thesauros
998 2411 1134 2462 arcanos
1150 2386 1194 2473 ὃ
1207 2390 1399 2462 occultatam
1412 2383 1499 2456 nihil
1515 2383 1609 2454 velr-

429 2483 500 2568 ln't,
531 2477 568 2552 h.
590 2491 632 2554 e.'
649 2481 746 2574 quod
765 2480 887 2558 hostes
909 2483 981 2560 dili
1001 2507 1077 2562 non
1098 2501 1263 2580 tanquam
1284 2480 1561 2558 vindemiatores
1574 2475 1611 2552 dt

415 2576 530 2651 ¹fures
551 2597 634 2655 cum
653 2577 770 2654 Esavo
784 2579 924 2659 astutos
937 2577 1025 2673 elle,
1052 2582 1111 2660 sed
1126 2607 1207 2661 eum
1224 2585 1326 2678 plane
1340 2576 1546 2666 derasuros,
1571 2586 1612 2652 ut
1634 2657 1638 2666 ,

431 2674 520 2751 nihil
535 2674 679 2770 reliqui,
693 2699 799 2772 quani
813 2681 996 2758 occultum
1011 2684 1136 2770 etiam,
1157 2694 1319 2768 maneat,
1332 2678 1419 2752 illud
1431 2674 1518 2750 inde
1532 2669 1613 2762 est,

433 2771 533 2865 quod
553 2773 626 2869 ipse
649 2796 711 2849 eos
732 2776 942 2853 immissurus
962 2779 1043 2866 sint,
1068 2778 1240 2851 &omnia
1263 2797 1388 2850 arcana
1409 2773 1444 2846 δι
1465 2770 1617 2846 occulta
1637 2845 1645 2874 ‚

434 2871 511 2965 ipfis
534 2870 746 2964 reterturus3
772 2875 850 2963 vel,
872 2873 985 2965 liquis
998 2885 1147 2964 queret,
1172 2890 1255 2941 curn
1269 2867 1386 2940 hostes
1400 2867 1563 2957 diripere
1578 2865 1618 2939 tc

434 2965 584 3064 spoliare
605 2983 745 3046 tanturn
767 2970 919 3059 soleant,
951 2968 1044 3042 unde
1066 2962 1130 3055 srt,
1155 2962 1251 3058 quod
1265 2959 1418 3035 Elavum
1432 2960 1528 3034 adeo
1544 2959 1618 3040 sint

436 3067 650 3163 depilaturii
680 3069 710 3144 is
733 3090 798 3164 pro
818 3063 987 3163 responso
1006 3064 1153 3154 habeat,
1184 3059 1282 3156 quod
1297 3057 1472 3171 judicium
1486 3079 1616 3137 meum

438 3167 506 3243 lint
528 3165 746 3256 exsecuturi,
780 3166 870 3240 adeo
891 3182 952 3252 ut,
977 3159 1295 3262 infignumjudicii
1308 3177 1403 3247 mer,
1427 3155 1554 3271 Elavo
1567 3158 1616 3231 in-

439 3265 657 3348 cumbentis,
682 3263 800 3350 totalis
813 3262 916 3339 Esavi
932 3261 1065 3339 derasro
1077 3260 1120 3336 lit
1135 3260 1265 3335 futura.
1312 3253 1368 3330 Ex
1388 3277 1462 3350 quo
1482 3256 1614 3346 liquet,

440 3362 537 3454 quod
559 3361 659 3455 supra
682 3360 773 3450 dixi,
808 3362 938 3458 aliquid
958 3361 1062 3438 versu
1075 3359 1224 3458 praeced.
1239 3353 1400 3442 reticeri,
1426 3349 1517 3445 quod
1534 3345 1611 3440 sup·

441 3455 612 3552 plendunr
632 3457 710 3547 est,
742 3456 813 3532 five
834 3462 921 3536 illud
943 3446 1146 3548 statuath
1168 3455 1230 3553 sed
1260 3453 1410 3528 deradere
1439 3443 1614 3530 Ervum,

441 3553 515 3628 sive
537 3573 601 3642 per
622 3556 962 3653 interrogationem,
988 3556 1135 3650 quomodo
1149 3573 1236 3648 ergo
1250 3547 1380 3646 dorsus
1393 3539 1436 3635 esi
1487 3538 1614 3616 savus?

443 3668 484 3724 ut
504 3647 631 3738 Obadj.
654 3669 689 3741 5.
714 3654 857 3745 quando
878 3650 972 3726 reete
987 3651 1161 3743 sequitur,
1186 3653 1263 3745 quia
1279 3671 1336 3745 egr
1349 3642 1522 3730 deradam,
1549 3636 1612 3712 dte.

444 3745 502 3821 Eo
523 3745 640 3838 itaque
662 3747 739 3822 haec
763 3754 873 3825 verba
895 3747 1068 3838 tendunt,
1093 3762 1154 3836 ut,
1175 3748 1300 3842 judicio
1322 3742 1470 3838 Jehovae
1484 3739 1521 3812 in
1537 3731 1615 3810 Esa-

445 3872 533 3928 vum
553 3843 819 3923 adscribendum
843 3844 934 3937 elle,
958 3844 1175 3930 declaretur,
1201 3843 1297 3936 quod
1318 3837 1456 3927 hostes,
1481 3853 1553 3908 non
1574 3843 1616 3941 tit

446 3946 721 4038 vindemiatores
741 3944 776 4021 dt
796 3945 893 4022 fures
906 3960 1072 4044 agerent,
1098 3940 1157 4018 sed
1170 3941 1309 4032 omnia,
1336 3937 1441 4016 etiam
1453 3927 1615 4006 occulos.

486 4083 506 4124 a
524 4065 602 4126 Cirr.
620 4081 648 4142 Ρ.
664 4063 732 4126 226.
1530 4018 1613 4102 ΕΜ
