3700 4667
456 457 520 514 sn
566 414 998 554 JER'EMIA'M.
1045 428 1168 510 XLIX:
1192 441 1278 524 4,‘5.
1369 437 1461 526 1085

291 632 399 709 habet
419 633 548 728 quippe
573 660 594 707 s
621 651 702 702 aum
722 628 760 702 in
782 625 843 701 lin.
865 629 950 704 vim.
973 627 1180 704 intensivum
1203 651 1243 717 ας
1268 626 1302 700 tic
1313 626 1396 725 striis
1411 628 1462 708 est

292 731 488 819 emblema,
518 729 571 802 uti
598 726 731 814 Carnos,
755 724 798 798 de
821 748 892 818 quo
912 749 947 800 c.
963 746 1167 820 xnvnntq.
1184 723 1339 818 exposui.
1388 727 1464 804 Ab·

291 825 409 904 dudio
431 849 520 902 vero
542 827 615 920 ejus
635 824 673 896 in
694 823 837 896 exilium
858 823 908 895 nil
922 824 1031 940 lubet
1055 845 1187 898 amore
1201 837 1368 898 veterum
1381 825 1463 900 alio

292 948 379 1000 num
401 941 437 1014 t,
463 923 562 996 &ad
581 942 656 1014 epus
669 918 977 1014 prostitutionem,
1004 936 1169 1012 tanquam
1184 920 1376 1010 inbecillis,
1403 943 1462 998 va·-

291 1024 399 1115 nique
427 1019 612 1109 Numinis,
641 1017 765 1092 tendit
829 1016 1021 1111 Superest,
1063 1017 1231 1092 versionis
1252 1019 1351 1090 vocis
1376 1045 1463 1094 mum

292 1141 358 1214 per
371 1123 542 1210 cuminus,
552 1117 732 1204 ³rationem
744 1116 858 1188 verbo
873 1115 966 1188 dem.
993 1113 1103 1188 Radix
1116 1141 1166 1190 mr
1181 1114 1374 1205 respondet
1391 1141 1461 1203 ur,

293 1232 335 1291 ut
355 1243 408 1290 mr
423 1215 457 1288 δι
470 1244 533 1304 tn,
555 1241 613 1302 prr
637 1213 670 1286 &
688 1239 759 1301 pu,
776 1211 953 1315 habetque
971 1211 1168 1304 primariam
1183 1212 1370 1286 notionem
1383 1210 1464 1304 rese-

293 1313 391 1386 candi
404 1336 487 1388 cum
501 1310 703 1388 memoratis
717 1308 888 1388 radicibus
905 1331 1151 1396 communem,
1178 1321 1282 1400 atque
1299 1307 1463 1401 frequen·

292 1427 389 1486 tatur
400 1412 438 1484 in
455 1409 612 1512 terminis
627 1429 813 1504 agrorum,
828 1407 1038 1494 hortorum,
1055 1407 1253 1493 domuum,
1269 1427 1332 1498 per
1342 1425 1464 1490 muros

289 1508 460 1680 3⁰³⁶ssOE
473 1508 506 1581 u
520 1507 638 1602 sepes,
654 1505 778 1598 quibus
792 1502 1040 1602 resecantur,&
1053 1521 1246 1580 arcenttua
1259 1503 1463 1597 promiscuo

288 1625 391 1681 meus
405 1630 441 1680 uo
694 1617 713 1666 *¹
991 1651 1008 1683 ἰ

337 1709 369 1794 p
385 1701 575 1778 DCCXIII.
627 1729 654 1780 c.
682 1701 867 1796 Jaiiationi
884 1703 920 1778 dc
935 1703 1160 1782 confidentiae
1177 1703 1379 1780 succederet
1393 1719 1463 1780 tre·

291 1801 388 1870 mula
413 1801 576 1890 vagatio,
599 1799 673 1867 srne
695 1802 766 1868 ulla
785 1800 805 1868 s
824 1821 846 1867 e
871 1816 931 1870 aut
956 1801 1220 1885 consolatione,
1253 1802 1344 1872 vers.
1368 1823 1404 1886 4,
1427 1818 1463 1886 5.

293 1886 385 1989 Quid
403 1895 514 1961 vibras
530 1903 562 1958 te
575 1893 613 1958 irc
627 1895 765 1981 campis,
784 1824 910 1979 ,guenta
928 1905 1034 1981 campo
1049 1906 1123 1974 tuo,
1145 1888 1224 1976 filia
1238 1892 1371 1984 auersa,
1398 1913 1466 1982 qua

292 1980 427 2079 confidit
466 1989 502 2056 ia
533 1979 690 2077 thesauris
709 1983 817 2077 suis?
855 1986 927 2076 quis
954 1984 996 2052 ad
1024 2005 1073 2054 me
1102 1981 1259 2074 hostiliter
1291 1985 1467 2056 intrabit?

170 2117 179 2130 ⁸
292 2105 381 2156 ecce
406 2105 455 2155 me
493 2080 699 2152 adducentem
727 2076 830 2174 super
867 2092 898 2152 te
932 2091 1114 2174 pavorem,
1143 2075 1363 2174 ‘inspiratum
1405 2073 1467 2174 Je-

291 2183 384 2255 bauae
406 2183 634 2268 exercituum,
664 2179 705 2248 al
729 2179 875 2275 omuibus
895 2178 1086 2252 circuitibus
1107 2179 1175 2250 tuis
1187 2203 1203 2267 ,·
1235 2173 1279 2260 δ’
1300 2175 1363 2274 effli
1387 2180 1465 2250 euri-

287 2283 329 2354 ui
342 2283 474 2374 quisque
487 2271 632 2372 antefa·
657 2298 714 2348 uec
731 2281 795 2348 erit
810 2280 1009 2370 uagantium
1026 2260 1189 2364 callesius,
1222 2274 1257 2348 h.
1280 2293 1313 2350 e.
1400 2289 1468 2348 ana

264 2381 268 2387 ’
290 2373 346 2446 est
364 2373 525 2464 jaitmtia
546 2372 582 2444 δι
602 2369 818 2447 confidentia
839 2387 898 2445 tua
914 2371 1149 2462 infertilitate
1164 2371 1308 2456 vallium
1327 2370 1361 2440 δι
1375 2390 1467 2442 cam-

291 2489 426 2562 porum
444 2486 610 2554 tuorum,
640 2489 681 2539 ac
697 2467 884 2556 thesauris,
914 2465 939 2540 ὁ
959 2468 1057 2542 natio
1071 2465 1191 2539 aversa
1205 2467 1240 2540 dc
1252 2461 1467 2540 reiraiiarial

294 2559 367 2638 acii
385 2583 494 2634 nemo
514 2576 552 2633 te
573 2561 777 2652 invaderem
809 2583 891 2636 cum
912 2585 997 2637 mos
1019 2583 1190 2656 pavorem
1214 2564 1278 2638 tibi
1294 2561 1468 2638 summum

296 2655 521 2752 undiquaque
536 2655 744 2734 immissurus
759 2657 841 2748 lim,
867 2658 952 2734 dicit
965 2658 1122 2754 Jehova,
1142 2683 1214 2752 quo
1227 2661 1372 2755 quisque
1386 2680 1470 2752 pro·

293 2755 472 2855 pelletur,
504 2755 908 2858 nmquampespiciens,
945 2779 1048 2850 quam
1069 2755 1244 2848 citilsrme3
1278 2779 1348 2832 nec
1367 2757 1466 2830 inve·

288 2855 372 2932 niet
391 2873 536 2944 usquam
555 2849 753 2946 refugium,
785 2874 857 2943 quo
877 2851 913 2924 se
929 2855 1087 2947 recipere
1103 2852 1222 2948 poffit,
1249 2854 1341 2952 apud
1355 2853 1467 2936 nemi·

286 2973 379 3030 nem
402 2945 585 3034 solatium,
606 2945 666 3040 qui
688 2945 888 3045 fugientem
909 2952 946 3023 in
967 2951 1114 3027 domum
1129 2952 1286 3047 recipiat.
1338 2951 1470 3038 Parum

283 3049 349 3125 bic
364 3041 554 3140 superest,
577 3045 713 3119 anobis
727 3047 996 3230 erjfediendum.
1049 3070 1081 3121 1.
1108 3047 1228 3122 Voces
1249 3074 1326 3154 Ἶρον
1341 3073 1370 3118 ar
1390 3067 1468 3120 non

231 3143 237 3150 ’
285 3145 375 3221 sunt
389 3139 590 3225 vertendae,
614 3157 656 3213 ut
670 3138 732 3225 fit,
782 3146 878 3228 uuit,
903 3141 1041 3232 defluxit
1059 3141 1251 3228 vallistua,
1274 3140 1347 3211 five
1362 3141 1468 3231 pardi.

287 3257 352 3329 aa,
380 3233 454 3306 five
466 3232 633 3328 sanguiue
647 3248 703 3304 tua
712 3230 810 3325 fusa,
835 3257 911 3326 quse
924 3237 1037 3309 aliena
1051 3233 1153 3324 sunt,
1176 3257 1245 3310 nec
1258 3231 1370 3328 phrasr
1383 3255 1469 3326 conf

312 3355 405 3424 ωας
431 3343 578 3422 oportet
591 3326 649 3398 hic
664 3326 747 3416 quid
760 3329 803 3398 de
819 3346 927 3421 campa
942 3332 1016 3418 ejus
1032 3331 1260 3421 praedicetur,
1285 3328 1379 3424 quod
1397 3352 1467 3404 ma.
1590 3379 1598 3388 .

290 3435 427 3512 teriam
443 3425 514 3500 sese
530 3421 704 3496 efferendi
719 3422 892 3517 prabeat,
917 3436 959 3495 ut
968 3445 1077 3498 nexus
1091 3423 1217 3514 docet,
1232 3425 1380 3500 &versu
1397 3427 1466 3521 seq.
1548 3455 1550 3462 s

290 3536 444 3608 demum
464 3521 628 3616 sequitur
635 3521 816 3613 judicium.
875 3519 1106 3618 Intelligenda
1127 3545 1213 3622 ergo
1234 3523 1285 3598 est
1306 3525 1466 3620 phrasis,
1578 3521 1586 3536 '

289 3624 396 3725 quod
416 3621 594 3696 Gatakero
622 3619 786 3712 deinceps
802 3615 882 3692 'vidi
903 3617 1129 3696 observatum
1151 3645 1292 3716 quoque
1305 3622 1395 3712 else,
1422 3621 1468 3696 de

283 3723 483 3824 fertilitate
505 3715 786 3791 &fecunditate
813 3715 1014 3810 campestris
1038 3739 1163 3794 eorum
1187 3721 1356 3820 regionis,
1390 3742 1468 3816 quae¹

163 3869 166 3874 -
289 3845 343 3903 eo
364 3814 514 3894 normae
539 3843 597 3925 pap
617 3810 711 3887 teile
732 3816 852 3898 venit,
884 3815 918 3888 dc
932 3813 1037 3910 fluere
1058 3815 1212 3909 dicitur,
1242 3827 1412 3913 quatenus
1435 3819 1469 3890 dc

832 3909 1020 4009 Yyyyyy
1046 3935 1065 4007 3
1296 3917 1299 3922 '
1346 3913 1474 4009 irrigua

261 4027 275 4042 ⁴
333 4049 358 4095 a
371 4023 448 4093 vida
472 4019 572 4110 Simon
590 4026 704 4089 onom·
718 4041 746 4105 p.
763 4024 839 4107 ³⁶0·
908 4026 925 4099 i
945 4025 1015 4090 vid:
1033 4029 1160 4112 Vitrlnga
1178 4027 1215 4114 qd
1232 4025 1287 4102 lei.
1304 4037 1370 4088 stu
1394 4039 1422 4094 a,
1443 4041 1470 4079 ιε
