3700 4667
387 391 459 480 824
563 383 1367 504 connruurnurus

390 603 607 670 memorem,
632 579 793 676 adfluere,
819 584 959 656 adnuere
984 583 1046 658 seu
1069 588 1285 681 respondere
1310 590 1422 681 votis,
1447 591 1553 668 &de-

388 681 517 756 fideriis
542 680 764 770 satisfacere,
797 703 908 773 eaque
928 704 1058 780 magna
1080 687 1242 760 ubertate
1266 690 1456 780 complere.
1482 690 1551 762 Ec-

389 777 469 853 clei
495 799 526 852 x:
557 799 612 872 19.
638 775 724 852 Hos.
756 799 806 852 11:
835 778 1092 873 23.Jes.xu1:
1120 804 1176 876 17.
1202 783 1237 855 dr
1260 785 1353 859 alibi.
1400 808 1433 878 3.
1460 786 1550 858 Ver-

387 879 474 952 bum
497 903 568 952 nnr
593 896 667 948 non
683 873 733 946 est
747 874 948 969 simpliciter
962 883 1138 967 nunciare,
1163 879 1367 972 notificare,
1381 883 1551 958 sedmon·

385 971 513 1082 strare,
539 970 719 1076 praesture,
744 973 778 1046 &
801 988 883 1084 ange
910 975 1033 1048 oculos
1057 996 1211 1068 ponere:
1237 1000 1313 1072 quae
1335 981 1479 1075 propria
1502 979 1553 1054 est

387 1072 490 1144 verbi
542 1067 696 1158 orestes,
729 1097 777 1144 nn
802 1091 899 1144 emm
926 1071 1068 1165 proprie
1093 1088 1196 1148 notat
1221 1081 1481 1152 anterioritatem
1501 1077 1553 1151 rei

387 1169 436 1242 ob
451 1093 575 1242 ocuios
590 1165 728 1260 posite,
753 1164 966 1240 &exstantis
980 1169 1087 1263 paulo
1099 1173 1212 1246 altius.
1262 1195 1297 1263 4„
1324 1173 1426 1249 Voce
1462 1181 1568 1250 niun

386 1285 462 1347 non
481 1287 603 1337 arcum
627 1263 661 1336 dt
684 1259 861 1355 custodiro,
893 1261 953 1338 sed
976 1267 1105 1356 ardua,
1142 1268 1177 1340 u
1203 1266 1353 1346 diflicilia
1377 1269 1471 1347 fado
1495 1291 1552 1345 ex·

386 1365 607 1458 primuntur,
633 1383 667 1454 q.
693 1359 727 1434 d.
750 1359 906 1458 precisa,
932 1378 1123 1457 praerupta,
1146 1362 1329 1458 praeseiia:
1369 1389 1447 1461 quae
1469 1390 1552 1462 pro-

387 1462 464 1556 pria
488 1457 540 1533 est
564 1457 686 1532 radicis
709 1457 880 1552 potestas,
906 1460 943 1533 in
952 1463 1151 1556 procidendo
1162 1458 1243 1547 sita,
1268 1464 1362 1535 unde
1376 1466 1473 1538 inter
1486 1465 1554 1538 alia

385 1558 431 1634 ad
453 1559 577 1645 ardua,
603 1570 781 1652 occupatu
804 1554 976 1646 difficilia,
1009 1569 1050 1631 ut
1073 1556 1153 1631 sunt
1173 1571 1286 1629 cautes
1309 1556 1466 1653 absciffae,
1492 1582 1550 1634 ru-

385 1677 448 1751 pes
474 1651 641 1749 praeeisae,
666 1652 815 1728 nonsit:
847 1675 923 1745 quae
946 1674 1018 1726 von
1041 1651 1135 1727 redte
1159 1651 1354 1748 superiori,
1392 1654 1437 1727 ad
1459 1655 1553 1729 uite-

385 1753 519 1866 fiorern
544 1749 816 1863 expofitionenr,
841 1750 964 1842 subjun
989 1751 1077 1864 'turj
1107 1771 1197 1864 opus
1227 1750 1344 1861 itaque
1373 1773 1451 1825 non
1479 1749 1555 1842 est,

249 2009 253 2016 .
384 1847 926 2040 lglffaeldlggaelircsffinnpersaeffeffi:
949 1845 1556 2114 legiiblfinmffcffiffzirsulnugrs

386 2059 444 2135 ra,
477 2046 572 2142 quod
596 2041 808 2119 confirmare
832 2042 1003 2137 potuisset
1026 2040 1391 2134 locoJeixuvr11z8.
1432 2040 1478 2114 ed
1491 2065 1556 2121 no·

109 2203 112 2214 .
242 2223 244 2227 ⁴
384 2139 457 2218 stro
483 2141 627 2235 propiru
651 2137 869 2230 respondet,
911 2136 981 2229 Jes.
1007 2158 1111 2208 exne
1139 2159 1172 2208 2.
1206 2137 1267 2210 ubi
1292 2160 1390 2211 nrenr
1416 2153 1556 2215 trenrerr·

385 2240 455 2327 da,
486 2233 672 2330 stupenda,
718 2233 851 2321 ardua,
887 2231 931 2304 ad
979 2232 1132 2321 llantur,
1170 2255 1248 2326 quae
1278 2231 1338 2306 hic
1368 2255 1497 2334 magna
1517 2235 1557 2312 ἀ

386 2359 493 2412 nnn.
544 2351 578 2422 s.
603 2329 789 2422 Denique,
805 2351 868 2403 non
881 2253 977 2422 unffi·e
979 2350 1041 2418 ea,
1066 2326 1257 2428 fignificat,
1283 2352 1326 2405 ea
1339 2331 1409 2405 effe
1423 2337 1555 2431 cogite-

385 2433 508 2521 tione,
533 2426 790 2523 exipedietione
814 2427 848 2500 du
867 2428 1106 2521 experientia,
1129 2429 1283 2521 majora3
1308 2442 1349 2503 ut
1362 2427 1476 2507 sensus
1490 2430 1556 2523 iit,

386 2530 508 2607 Deum
532 2528 598 2623 piis
623 2525 786 2621 preclara
810 2525 844 2598 du
868 2525 976 2601 ardua
996 2523 1252 2621 praestimrum,
1282 2549 1360 2621 quae
1382 2547 1453 2602 nec
1475 2549 1555 2624 per·

387 2629 508 2720 cipere
540 2639 601 2696 aut
632 2621 829 2715 exspeuare
853 2639 1047 2718 poterant,
1085 2645 1330 2717 necunquam
1354 2627 1492 2717 experti
1516 2647 1555 2702 e·

386 2737 485 2798 rant:
513 2733 702 2811 utrumque
728 2721 823 2795 enirn
851 2749 903 2808 pe·
928 2723 1084 2794 denotat.

442 2825 474 2909 §.
488 2813 648 2890 DLXIX.
674 2817 864 2910 Sequitur,
902 2817 973 2888 hoc
996 2811 1168 2908 praemiffo
1190 2811 1361 2907 prologo,
1398 2809 1471 2905 ipsa
1492 2831 1551 2888 re.

388 2914 549 3004 ventio,
582 2935 658 3007 quae
682 2916 842 2990 omnium
866 2933 984 2986 rerum
1008 2908 1254 3002 collapsurum,
1279 2929 1362 2982 curn
1385 2910 1475 2983 urbe
1489 2909 1552 2986 de-
1610 2951 1620 2963 ·
1766 2934 1767 2945 ¹

390 3009 536 3102 struda,
562 3007 787 3106 pleniiirmam
809 3003 1113 3094 instaurationem,
1137 3007 1176 3078 in
1199 3023 1312 3104 regno
1336 3003 1467 3080 Meiiiae
1480 3021 1555 3084 ter.

390 3109 608 3200 minandum,
634 3107 839 3205 pervenies
863 3103 1049 3194 articulos,
1073 3102 1245 3192 formula,
1263 3097 1313 3198 fic
1337 3105 1424 3177 dixit
1450 3100 1552 3206 Jeho·

392 3233 458 3300 oa,
491 3206 686 3297 distindios,
718 3203 841 3280 ordine
870 3201 1108 3298 representat.
1155 3201 1321 3303 Quorum
1349 3201 1379 3276 1.
1394 3200 1550 3296 Primus,

389 3305 481 3381 vers.
506 3327 589 3400 4⁶9·
618 3335 648 3382 e.
673 3307 798 3380 urbem
825 3302 967 3398 penitus
991 3299 1225 3389 destrudiam,
1254 3314 1297 3375 ut
1320 3320 1404 3376 mox
1427 3297 1547 3391 fieret,

390 3407 439 3481 ob
464 3405 587 3478 oculos
610 3403 731 3498 ponit,
758 3419 923 3494 tanquam
946 3399 1172 3473 revelationis
1185 3395 1382 3488 objeuum,
1407 3394 1496 3470 vers.
1510 3419 1548 3487 4,

391 3522 426 3593 5.
450 3500 502 3575 his
526 3501 669 3589 verbis,
697 3520 776 3590 quae
801 3497 1003 3580 exhibebo,
1034 3493 1133 3568 unul
1155 3490 1361 3570 iliustm'no:
1390 3491 1440 3586 fic
1465 3495 1553 3569 dixit

422 3603 544 3688 rhoea,
569 3595 664 3670 Deus
688 3591 841 3680 israelis,
857 3591 959 3688 super
982 3588 1065 3682 (vel
1088 3589 1144 3678 de,
1168 3588 1264 3681 quod
1288 3590 1434 3684 perinde
1458 3589 1553 3692 est,)
1681 3611 1686 3619 ·

429 3699 533 3770 minus
557 3693 653 3804 iuius
678 3691 787 3777 urhis,
814 3686 857 3772 &⁹
871 3685 974 3854 [Ἄσ
997 3685 1139 3797 domibus
1162 3710 1276 3783 regum
1300 3682 1402 3796 Juda
1427 3685 1553 3784 (adeo-

391 3785 884 3992 ne,
901 3781 1423 3991 ,munerun
1444 3784 1552 3975 in

393 4007 475 4080 emp
501 3979 569 4060 asur
591 3981 699 4058 hebet
722 3977 818 4054 redu
843 4001 919 4082 pn,
947 3995 1024 4072 quae
1044 3997 1189 4073 proprie
1213 3976 1398 4056 adhibemr
1420 3979 1553 4152 inflandi-

1489 4097 1551 4152 cue
