3700 4667
500 420 1049 521 corruentem
1106 416 1253 501 mvn.
1366 440 1461 523 1007
1551 504 1555 508 ,

300 630 1448 803 uutnuumunuaunaudnuu

305 856 1385 1078 jc-oucoosocuooo

402 1089 753 1197 concon
813 1085 1340 1193 eflocosoeoos.

471 1384 521 1490 c
573 1420 612 1493 A
662 1416 698 1488 o
750 1378 923 1544 oo,
977 1376 1271 1523 XLVII.

278 1650 312 1725 τ’.
340 1646 479 1727 Verbum
495 1650 653 1754 Jehouae‚
686 1646 907 1749 quodfalium
930 1644 973 1743 est
995 1650 1038 1723 ad
1059 1644 1245 1747 Jeremiam
1263 1652 1454 1749 prophetam

324 1764 361 1834 de
376 1762 576 1853 possmus,
601 1776 775 1853 antequam
791 1759 920 1832 Pharao
934 1756 1125 1854 percufferit
1143 1760 1281 1834 Gazam.

278 1896 314 1952 2.
339 1879 394 1951 Sis
417 1885 503 1951 dixit
526 1880 679 1976 Jehoua:
712 1903 779 1950 ecce
802 1904 902 1973 aquas
925 1878 1169 1971 effervescentes
1192 1882 1453 1974 eseptentrione!

325 1984 371 2071 θ
394 2000 493 2061 erum
513 2002 640 2060 torrens
660 1988 845 2077 inundans,
876 1987 1141 2081 inundabuntque
1155 2001 1278 2060 terram
1292 1990 1334 2073 θ
1348 1997 1454 2087 pleni-

320 2098 469 2171 tudinem
483 2098 572 2194 ejus‚
598 2101 709 2173 urbem
723 2095 768 2187 δ’
785 2102 906 2172 incolas
919 2098 1009 2193 ejus,
1036 2092 1453 2189 &claromontanorum

318 2208 365 2293 δ’
377 2213 555 2285 ulutatum
570 2210 696 2303 omnes,
724 2217 782 2309 qui
796 2226 918 2287 terram
933 2211 1132 2286 inhabitant.

268 2358 303 2430 3.
330 2336 471 2435 Propter
483 2337 631 2434 sonitum
649 2338 805 2437 plausus,
830 2338 890 2415 vel
910 2334 1135 2430 incitatisfimi
1149 2339 1281 2436 cursus,
1307 2350 1449 2441 ungula·

317 2470 394 2518 rum
406 2451 605 2521 caballorum
618 2451 709 2543 ejus,
731 2463 865 2541 propter
871 2446 1051 2539 strepitum
1066 2468 1220 2519 curruum
1234 2454 1304 2545 ejus
1314 2498 1326 2539 ,
1336 2450 1450 2543 aflua-

321 2556 442 2623 tionem
463 2563 611 2623 rosarum
625 2554 718 2644 ejus,
739 2565 854 2645 patres
869 2553 911 2621 od
917 2546 1012 2642 filios
1029 2572 1093 2623 uon
1107 2556 1288 2645 respiciunt
1297 2571 1369 2652 pru
1382 2582 1450 2632 ma·

317 2684 422 2738 anum
431 2656 646 2761 flacciditate.
1276 2682 1280 2689 '

266 2812 301 2882 4.
327 2786 478 2859 Exortus
500 2782 545 2877 est
564 2786 631 2859 dies
652 2791 727 2876 ille,
761 2792 819 2883 qui
837 2794 933 2859 uenit
946 2788 990 2859 ad
1001 2787 1196 2882 vastandum
1213 2814 1319 2870 omnes
1334 2794 1444 2877 Phili-

284 2982 291 2993 .
301 2892 419 2991 stass,
452 2894 496 2967 ad
515 2893 758 2992 exscindendam
788 2890 874 2991 Tyro
896 2894 941 2980 δ’
962 2894 1091 2990 Tstdoui
1106 2924 1227 2975 omnem
1231 2902 1442 3003 superstitem

308 3008 565 3097 auxiliatorem,
588 3014 666 3103 quia
680 3004 825 3099 vastabit
839 3002 974 3112 Jedovo
990 3006 1191 3107 Poottsteos,
1214 3008 1376 3107 residuum
1388 3030 1440 3100 in.

299 3112 387 3211 sula
402 3113 553 3207 Cophtor.
893 3206 896 3212 .

257 3266 294 3338 5.
322 3238 523 3334 Supervenit
546 3241 697 3309 calvities
719 3240 840 3326 Gaza,
871 3244 1076 3335 complanata
1097 3244 1142 3334 est
1162 3243 1329 3339 Ascalon,
1361 3250 1438 3347 refi-

306 3358 408 3429 duum
419 3353 575 3446 planitiei
590 3371 707 3421 eorum.
763 3348 871 3444 Usque
884 3375 944 3445 quo
949 3350 1096 3447 secabis,

253 3498 292 3572 6.
319 3486 436 3559 Heus!
469 3478 551 3576 eufls
574 3475 739 3579 Jedova?
771 3502 927 3577 quousque
949 3505 1012 3555 nou
1027 3486 1191 3579 quiesces?
1221 3490 1382 3590 colligltor
1396 3504 1435 3577 in

309 3604 467 3693 vaginam
482 3613 593 3686 tuam,
613 3590 802 3686 fulminare
817 3592 861 3677 ὅ
874 3600 1008 3693 quiesce.

252 3759 294 3834 7,
322 3720 483 3825 Quomodo
511 3721 718 3818 quiesceret?
764 3718 834 3811 ἔμ’,
881 3722 1069 3811 vescum,
1115 3720 1430 3835 Jehouaipraecepit

306 3841 368 3923 ei,·
410 3834 455 3906 ‘ad
478 3832 687 3930 Ascalonem,
720 3829 763 3917 Β
784 3835 922 3909 trullum
948 3840 1176 3928 maritimum,
1210 3844 1257 3913 iii
1284 3850 1428 3922 condixit

307 3949 414 4026 oliuu

432 4088 436 4095 ·
1068 4170 1071 4181 Ι
1167 4044 1427 4141 §.DCLXVIL
