3700 4667
271 505 274 516 s
386 409 466 510 ,9⁶
568 401 1377 498 conntuubutuc

387 627 481 685 ,mam
496 607 605 700 patris
630 602 699 698 eius
723 599 823 676 fuisse
848 603 922 696 ejus
946 601 1109 678 occultos
1130 601 1268 694 hostes,
1291 603 1546 700 habuimtu3dt

391 699 525 776 fuitum
549 697 682 794 ipsum,
706 695 744 772 in
769 699 893 776 talibus
916 698 1203 791 circumstantiis,
1234 711 1427 778 tentationis
1453 706 1533 780 vide
1610 737 1614 746 ·

390 811 452 872 tur
480 797 611 872 habere
642 793 880 890 conspeuum.
955 794 1059 878 Casus
1080 797 1201 890 utique
1234 813 1311 875 erat
1334 801 1540 896 paradonus,

386 893 481 993 tegi,
518 891 765 968 venditionem
793 879 967 987 ejusmodi
1004 894 1140 968 vetanti
1171 893 1262 969 Lev.
1287 917 1382 987 mu,
1407 920 1465 993 34.
1484 898 1540 972 ad

388 990 534 1066 versus:
577 989 663 1086 qui,
708 989 795 1063 srcut
830 991 925 1065 hunc
949 989 1175 1065 venditorem
1203 991 1289 1090 legio
1319 1017 1444 1089 parum
1472 994 1539 1070 esse

387 1085 577 1162 studiosum
607 1087 802 1183 arguebat,
828 1087 880 1162 ita
908 1087 953 1160 de
976 1085 1131 1182 medgno
1155 1087 1231 1182 ejus
1256 1090 1375 1166 animo
1399 1089 1542 1168 testeba-

386 1197 469 1274 tur,
500 1205 573 1279 quo
598 1181 816 1278 prophetam,
832 1197 969 1258 tenuere
994 1182 1131 1272 voluit,
1159 1206 1248 1260 num
1270 1187 1308 1263 'ur
1331 1185 1397 1262 hac
1421 1187 1540 1284 despe·

247 1357 250 1362 ,
383 1297 462 1358 rata
490 1282 579 1376 reip.
610 1278 816 1354 conditione
846 1303 967 1377 agrum
1002 1279 1105 1370 aufit,
1127 1300 1258 1356 emere.
1314 1284 1411 1360 Hinc
1435 1286 1540 1361 etiam

382 1378 535 1474 denique
560 1375 755 1466 elucescit,
781 1397 887 1472 quare
912 1377 1090 1473 propheta
1111 1398 1186 1452 non
1208 1377 1271 1452 nisr
1294 1378 1340 1455 de
1354 1382 1538 1457 voluntate

379 1469 454 1549 Dei
477 1475 608 1551 certior
631 1471 764 1565 fuitus,
785 1487 825 1550 ut
849 1473 901 1549 est
925 1473 1016 1550 vers.
1044 1477 1092 1564 8.,
1116 1471 1348 1564 consenserit,
1372 1479 1455 1552 abas
1473 1478 1539 1570 illi·

379 1573 488 1648 citam
523 1572 614 1646 hone
644 1591 721 1648 rem
744 1568 954 1666 repulsurus.
1027 1568 1186 1646 Permifit
1214 1591 1301 1646 vero
1328 1569 1474 1669 Deus,⁸
1495 1588 1537 1649 ut

378 1668 429 1764 pii
459 1667 525 1743 hac
555 1668 694 1744 ratione
731 1667 769 1744 in
801 1667 859 1763 spe
889 1665 1120 1742 restitutionie
1147 1662 1459 1758 confirmaremur,
1498 1668 1536 1746 dt

377 1764 504 1859 reliqui
517 1764 844 1842 confunderentur:
867 1779 908 1841 ut
927 1763 1037 1842 modo
1060 1759 1263 1854 observavi.

427 1867 458 1954 §-
473 1862 570 1938 DLI.
593 1863 757 1957 Sequitur
787 1861 949 1959 proxima
975 1859 1205 1945 revetationis
1233 1859 1391 1952 occa1103
1429 1883 1540 1958 quam

376 1961 532 2055 qutenrlae
564 1959 747 2057 propheta
771 1980 914 2057 preces,
940 1979 985 2034 ex
1010 1957 1189 2054 superiore
1213 1955 1295 2033 casu
1317 1972 1430 2046 nate,
1455 1979 1546 2054 prae·

372 2055 550 2148 buerturt,
575 2057 666 2134 vers.
696 2060 827 2149 16a25.
857 2055 1017 2156 Quibus,
1041 2051 1163 2148 postea
1184 2075 1266 2128 uam
1289 2051 1361 2128 Dei
1374 2057 1546 2152 omnipo-

372 2156 542 2242 tentiam,
565 2155 711 2264 gratiam
733 2173 775 2227 ac
795 2149 1011 2243 judiititiam,
1035 2147 1145 2243 conse
1173 2169 1213 2220 us
1238 2145 1342 2238 esset,
1367 2149 1404 2224 dr
1430 2153 1509 2254 ing
1529 2197 1545 2216 .

347 2255 485 2339 suere,
510 2249 545 2322 da
569 2270 607 2322 tn
636 2246 750 2341 specie
774 2243 934 2340 respeitu
957 2240 1082 2341 popuii
1104 2241 1260 2334 baetis,
1284 2243 1453 2342 adeoque

370 2348 496 2444 pulum
522 2342 842 2433 emptuendis,
873 2361 952 2436 que
981 2339 1199 2438 patiebatur,
1227 2341 1445 2442 declarasset.
1495 2349 1543 2452 ·g.

369 2465 480 2537 nun,
509 2441 593 2520 Deo
624 2441 768 2520 tandem
797 2440 969 2538 proponit
1107 2459 1217 2516 oxum
1239 2437 1276 2514 dc
1300 2446 1550 2524 contraditio-

237 2605 241 2612 .
369 2543 463 2620 num
485 2541 525 2620 in
547 2541 628 2620 casu
650 2539 900 2638 precedente,
937 2562 960 2614 a
1020 2526 1076 2614 eo'
1091 2534 1168 2635 ipso
1191 2537 1392 2635 imperato,
1423 2544 1465 2619 in
1490 2566 1543 2621 eo

367 2637 492 2727 fitum,
531 2641 627 2733 quod
657 2636 904 2730 Hierosolyma
933 2636 975 2713 fit
1006 2657 1089 2714 cum
1116 2635 1256 2748 populo
1278 2635 1542 2732 exscindenda,

368 2733 404 2810 ἂ
427 2749 548 2809 tumen
571 2751 695 2831 agrum
714 2731 823 2824 jussus
844 2732 887 2808 stt
910 2753 1050 2812 emere:
1075 2731 1306 2805 cutouendo
1318 2735 1539 2811 alterutrum

366 2823 508 2906 tentum
536 2851 599 2923 par
623 2839 728 2918 erat,
772 2827 834 2904 vel
857 2832 985 2906 urbem
1008 2825 1176 2906 noneste
1199 2823 1434 2918 capiendam,
1463 2825 1535 2901 vel

365 2925 540 3099 &pulum
563 2920 838 3010 restituendum:
855 2933 955 3025 prius
973 2921 1172 3006 statuebant
1194 2919 1277 3012 dii,
1287 2917 1533 3091 gosmato·
1655 2933 1662 2942 ·

382 3021 402 3037 ”
428 3023 621 3121 negabant:
645 3021 690 3098 de
714 3040 846 3103 neutro
867 3023 1047 3098 dubitabat
1069 3015 1264 3111 propheta,
1370 3016 1416 3094 ed
1437 3017 1537 3095 alro-

365 3141 448 3198 rum
477 3119 735 3199 refutationem
763 3123 819 3202 his
839 3117 1003 3213 precibus
1026 3112 1239 3210 implorabat
1260 3132 1396 3192 novam
1418 3136 1538 3193 reve.

359 3219 553 3296 lationem:
591 3241 667 3298 non
692 3221 787 3318 enim
810 3210 921 3290 insui
945 3229 1039 3305 tam,
1068 3233 1177 3308 quam
1199 3213 1369 3306 auorum,
1399 3211 1539 3294 instru-

363 3313 517 3392 utonem
546 3315 582 3390 dt
611 3315 872 3394 connffionem
893 3311 967 3388 hoc
988 3309 1205 3410 paradoxum
1228 3311 1313 3388 Deo
1338 3311 1540 3408 proposuit

361 3409 593 3504 solvendum,
618 3429 657 3490 ut
681 3411 777 3488 reite
800 3411 1007 3504 Schmidiru.
1056 3409 1293 3502 Praeterquam
1315 3409 1413 3484 enim
1424 3412 1538 3504 quod

362 3507 434 3585 hoc
461 3509 505 3584 de
537 3513 710 3607 propheta
741 3511 897 3609 cogitare
927 3507 1027 3582 nesas
1051 3505 1112 3590 fit,
1136 3503 1197 3596 qui
1219 3501 1256 3577 du
1277 3504 1315 3578 in
1338 3500 1418 3596 ipfis
1441 3529 1536 3618 pre.

361 3607 460 3684 cibus
496 3601 604 3686 fidem
640 3606 742 3692 suam
765 3607 842 3682 satis
880 3601 990 3678 suerit
1020 3595 1191 3685 teimau,
1234 3612 1277 3673 ut
1304 3620 1392 3675 mox
1417 3605 1542 3682 uude.

361 3703 503 3794 bimus,
555 3725 587 3778 1.
612 3699 790 3794 Propheta
813 3702 849 3776 id
874 3697 990 3792 ipsum
1012 3692 1188 3770 confessus
1211 3691 1302 3786 fuit,
1338 3693 1436 3772 vers.
1463 3721 1536 3798 17.

359 3797 434 3876 Deo
458 3803 542 3874 aiiii
566 3793 624 3894 effe
648 3801 816 3887 mirabile,
864 3792 938 3868 uod
960 3791 1060 3867 Deus
1083 3813 1168 3868 mox
1190 3789 1284 3868 vers.
1309 3813 1373 3888 27.
1389 3815 1536 3891 expro-

359 3899 439 3979 brat
459 3895 552 3988 illis,
588 3891 714 3992 quibua
738 3893 789 3974 ibi
890 3889 1031 3988 undet,
1066 3891 1297 3992 numento,
1332 3911 1410 3971 nou
1428 3917 1536 4086 {iffi
