3700 4667
467 373 551 443 aa
618 296 1330 459 ruentiruentir
1429 380 1504 464 ῃ,

314 527 383 619 sate
405 524 497 603 licut
517 522 810 625 aliie-quoque'in
830 520 923 628 locir
940 518 1015 600 lieri
1036 522 1136 613 soleta
1158 544 1261 615 rm,
1283 524 1386 623 quod
1398 524 1498 603 baud-

314 627 464 705 ninom
483 623 594 700 ludus
608 626 782 701 materiam
794 622 945 718 prebeat
957 621 1017 701 lu'c
1031 622 1151 717 casus,
1172 638 1250 699 reru
1264 626 1365 723 quod
1384 626 1499 703 infant

319 724 481 803 ticidium
505 722 591 799 illud
617 726 759 801 tendere
788 722 887 798 furor
911 722 1021 797 visum
1036 722 1084 797 ad
1101 721 1218 819 populi
1236 722 1328 819 spem
1342 726 1389 801 de
1401 727 1496 801 Met·

319 824 370 901 ssa
391 822 621 911 eludendam
652 822 693 900 or
718 822 766 897 ita
786 821 942 897 omnium
967 820 1210 897 liberationum
1228 820 1493 903 fundamentum

321 922 582 1001 destruendum
637 918 772 1001 rahel
788 920 906 1020 itaque
926 942 969 995 ea
991 920 1124 996 ratione
1147 918 1432 1016 Ephraimirarum
1454 923 1494 1001 tt

287 1112 293 1117 ⁴
316 1021 523 1117 judeorum
545 1020 583 1097 iu
602 1019 723 1100 exfilio
745 1017 977 1097 calamitatem
1001 1018 1124 1119 lugent
1148 1018 1289 1110 fillitur,
1315 1041 1354 1099 ut
1375 1020 1495 1113 simula

315 1122 383 1197 fed
406 1121 503 1197 sensu
517 1119 700 1217 penitiore,
722 1118 985 1196 luturumilluru
1000 1122 1118 1196 casum
1132 1132 1287 1215 tempore
1300 1121 1371 1196 nati
1389 1120 1493 1195 ebria

320 1218 363 1294 sli
399 1221 637 1314 deploraverit.
698 1221 785 1311 Quo
806 1216 903 1293 baud
925 1218 1075 1295 obscure
1097 1218 1216 1306 ducit,
1246 1220 1347 1315 quod
1367 1218 1504 1309 Rachel

317 1318 477 1415 expresse
496 1340 721 1410 memoretur,
751 1318 881 1416 quippe
901 1340 948 1393 eo
973 1318 1010 1392 in
1029 1316 1115 1392 loco
1134 1316 1326 1395 mortua&
1347 1314 1496 1413 sepultat

322 1418 383 1495 ubi
403 1415 677 1507 infanticidium,
714 1417 754 1493 dt
777 1418 864 1514 suga
885 1414 1030 1507 Christi,
1055 1416 1222 1515 contigit,
1248 1417 1282 1489 io
1294 1414 1496 1494 Bethlehem
1573 1423 1575 1429 ’

319 1512 485 1615 Ephrem.
532 1520 644 1596 Luxit
666 1518 784 1614 iraque
806 1514 953 1613 primurn
972 1514 1017 1591 dt
1031 1514 1156 1592 diredle
1169 1516 1288 1593 casum
1305 1514 1498 1613 Ephraimi'·

317 1632 433 1694 tarum
456 1617 655 1696 occisorum
670 1615 718 1689 ⁸&
744 1614 1022 1709 deportatorum,
1054 1615 1114 1690 sed
1138 1615 1236 1691 simul
1252 1614 1289 1690 dt
1307 1615 1426 1692 ultimo
1442 1616 1495 1692 la*

322 1718 548 1810 crymabilem
577 1714 695 1788 casnm
716 1712 753 1783 in
773 1732 817 1785 eo
838 1714 976 1807 precise
1000 1712 1085 1789 loco
1109 1714 1283 1803 futurum,
1306 1715 1367 1811 qui
1388 1715 1519 1814 longe·

318 1812 487 1915 graviora
511 1812 686 1884 videretur
710 1808 886 1883 habiturus
907 1810 1170 1903 consequentia:
1204 1830 1244 1888 ut
1264 1814 1378 1889 morlo
1392 1832 1496 1890 nota*-

325 1926 374 1978 vr.

373 2000 404 2099 §.
422 2002 523 2078 DXI.
562 2004 594 2082 b.
614 1996 724 2079 Dinis
744 1992 893 2095 aliquam
914 1996 1032 2076 lucem
1046 1998 1207 2098 inspergit
1222 2004 1417 2102 respmsum
1430 2008 1499 2085 Del

320 2099 614 2193 consolatorium,
636 2123 678 2175 ea
688 2096 818 2195 quippe
830 2100 964 2175 ratione
979 2099 1295 2195 concinnatumur
1309 2106 1356 2182 ad
1369 2112 1499 2209 utrum}

319 2223 389 2299 que
410 2203 551 2293 casum,
583 2203 620 2277 dt
637 2202 834 2296 praesentem
850 2196 1060 2275 liberationis
1077 2199 1362 2297 Ephraimitarum
1375 2221 1421 2280 ac
1436 2206 1497 2297 lul

313 2300 476 2376 deorum
500 2304 546 2375 ab
561 2301 704 2389 exsilio,
725 2297 764 2373 dr
785 2299 939 2372 suturum
955 2300 1082 2379 Meffiae
1095 2300 1353 2379 liberationis&
1366 2306 1498 2381 reditur

316 2397 372 2469 ad
392 2397 479 2471 lares
499 2400 646 2490 partior,
676 2394 790 2469 referri
809 2392 933 2488 poll'rta
961 2397 1145 2473 nonenim
1173 2400 1314 2496 simplex
1334 2400 1405 2493 ell,
1431 2401 1496 2479 sed

320 2494 644 2587 compositum,seu
658 2490 808 2587 duplex,
821 2491 975 2564 rediture
988 2495 1035 2567 ad
1049 2513 1174 2569 terram
1188 2498 1498 2594 Cananaeam,rrotl
1648 2496 1653 2503 ’

324 2610 458 2679 uuum,
479 2592 539 2667 sed
560 2592 735 2689 duplicem
760 2588 1078 2685 comprehendens3
1106 2594 1192 2669 vers.
1212 2596 1266 2689 ro,
1286 2618 1336 2697 ¹7·
1351 2597 1404 2674 bis
1419 2619 1498 2677 verr

319 2688 397 2768 nir:
429 2688 475 2773 fic
498 2689 590 2765 dixer
611 2689 760 2787 Jehwa
782 2690 915 2786 (quod,
941 2708 979 2763 ut
993 2692 1085 2785 dixi,
1115 2695 1297 2788 reperitur,
1327 2715 1388 2789 ut,
1408 2706 1493 2780 cubi

318 2790 429 2863 verba
445 2788 511 2865 Dei
526 2788 756 2866 consolatoria
770 2808 869 2862 nuuc
882 2788 998 2887 sequi,
1023 2808 1097 2868 tum
1116 2792 1321 2893 iugularem
1337 2797 1439 2895 plane
1451 2798 1492 2878 dl

317 2904 451 2963 uertam
489 2886 560 2965 esse
578 2901 581 2908 ’
596 2886 897 2981 consolationem,
937 2884 1171 2981 indicaretur.)
1196 2894 1340 2991 prohibe
1371 2904 1493 2973 vocem

315 2998 430 3081 teqm'
446 3006 471 3061 a
480 2982 571 3083 flete
592 2988 707 3080 (setus
728 2986 829 3084 ligno
848 2984 889 3061 δι
910 2986 1053 3077 effetam
1065 2987 1118 3079 -ά
1134 2998 1237 3066 oculor
1249 3011 1325 3068 tuos
1339 3018 1362 3067 a
1376 3001 1492 3099 lacry-

315 3084 485 3182 muqur'o
496 3084 645 3162 soliditas
658 3085 833 3174 mercedis)
849 3105 956 3177 certa,
963 3084 1071 3163 solida
1084 3091 1122 3165 dt
1138 3089 1386 3183 slabilis,adest
1401 3098 1491 3170 meri

320 3204 383 3259 ces
411 3203 492 3269 tuaa
522 3206 598 3257 eam
620 3182 710 3257 enim
739 3181 915 3275 emphasin
937 3184 1041 3257 haber
1062 3210 1116 3275 an,
1145 3206 1184 3263 ut
1204 3190 1249 3264 ad
1274 3190 1358 3265 vers
1374 3190 1491 3283 n'jam

320 3280 537 3363 observavi.)
560 3282 652 3377 operi
672 3295 748 3368 tuo,
772 3278 828 3353 vel
845 3278 880 3352 in
895 3280 1007 3375 operis
1022 3287 1188 3377 pretium,
1214 3288 1265 3369 (lt.
1278 3311 1308 3363 e.
1318 3288 1440 3369 frustra
1454 3310 1491 3373 te

319 3381 357 3457 in
372 3380 449 3456 liliis
465 3380 634 3479 pariendis
645 3399 719 3455 non
731 3374 902 3454 laborasse
916 3382 1115 3475 experieris,
1144 3407 1223 3461 cum
1240 3391 1437 3468 mercedem
1453 3393 1492 3470 in

316 3480 506 3559 liberorum
538 3480 627 3556 statu
658 3477 805 3555 durabili
836 3476 875 3551 dt
906 3478 1069 3575 prospero
1091 3484 1232 3560 abunde
1254 3488 1296 3565 srs
1318 3490 1491 3570 habitura:
1535 3489 1539 3497 ’

321 3578 533 3673 Respicitur,
553 3580 589 3655 rri
612 3578 732 3669 sallor,
757 3580 806 3653 ad
827 3574 1003 3691 difficilem
1030 3600 1164 3679 partum
1189 3587 1367 3680 Rachelir,
1402 3593 1489 3669 dum

320 3679 451 3773 peperit
477 3680 725 3773 benjaminem3
754 3700 857 3776 quern
880 3694 984 3753 ettam
1010 3684 1182 3779 perditura
1204 3686 1404 3775 videbatur,
1428 3688 1491 3765 sed

256 3803 270 3815 ‘
322 3776 565 3871 oblletrixjam
579 3799 652 3855 tum
665 3776 943 3865 eamconsolara
958 3777 1027 3871 est,
1051 3783 1194 3872 dicente
1213 3784 1257 3869 ό·
1274 3784 1329 3859 hic
1341 3784 1493 3857 tibi'erit

312 3874 435 3975 filnes..
470 3876 698 3965 Commetol
710 3875 1199 4053 ⁸⁰⁰⁰³1¹3i¹ffiffmffii⁰m¹
1213 3882 1427 3979 deploraret}
1458 3882 1495 3957 ie

315 4013 321 4027 ·
385 4051 395 4064 ,
1008 4004 1031 4059 2
1417 4000 1499 4073 utng
