3700 4667
83 127 514 370 V

382 401 452 475 ars
545 369 1457 493 commensuratus.

377 593 481 680 bais,
512 593 638 688 partim
659 593 695 666 in
719 593 865 684 Messra,
898 593 934 666 δι
952 615 1066 692 regno
1085 595 1160 687 eius
1173 595 1267 671 inter
1286 596 1378 692 ipsos
1398 599 1536 697 ereer03

376 689 536 782 adeoque
564 690 747 765 summaria
777 689 829 763 est
848 689 1067 802 superiorum
1088 693 1336 785 promissorum
1358 703 1534 793 repetitio.
1559 719 1571 742 ³

370 785 514 860 -Phrases
530 785 610 861 sunt
624 787 725 859 vaide
740 785 966 879 emphatica,
992 809 1066 861 uno
1082 789 1241 864 alterove
1255 790 1531 870 observato'iuu.

371 879 528 956 strandae.
583 904 614 957 r.
640 882 801 958 Verbum
827 900 884 958 ura
906 884 945 957 in
966 884 1102 979 origine
1125 886 1210 961 dicit
1221 892 1310 960 oculo
1322 893 1477 987 obliquato
1493 917 1531 967 ar

371 980 483 1050 simulo
496 977 692 1072 adspicere,
724 979 818 1052 unde
831 979 869 1053 in
883 980 1013 1054 malum
1027 979 1061 1052 u
1075 983 1210 1059 bonum
1222 981 1392 1076 fieuimr,
1418 989 1456 1062 in
1469 991 1531 1066 bo

370 1095 476 1164 num,
498 1089 539 1150 ut
552 1077 630 1162 hic,
655 1076 818 1168 exprimit
837 1075 1034 1150 feroculam
1054 1077 1231 1169 laetitiam,
1255 1102 1337 1158 erun
1350 1085 1532 1160 ocidona·
1675 1089 1681 1108 ’

369 1181 489 1261 tante,
520 1171 555 1246 ἃ
577 1173 760 1265 obliquato
782 1169 852 1245 sese
875 1170 1108 1265 efferentem,
1139 1197 1181 1250 ac
1203 1176 1294 1269 quali
1316 1180 1531 1276 triumphem

368 1279 463 1356 tem,
496 1283 537 1342 ut
558 1269 681 1343 docuit
698 1267 882 1344 Schultens
902 1305 934 1346 a.
983 1269 1111 1346 Phrasu
1125 1293 1213 1346 vero
1232 1279 1345 1361 mbr
1360 1298 1442 1352 nub
1471 1279 1529 1352 de·

366 1373 470 1438 notat
484 1365 655 1458 ejusmodi
670 1367 781 1440 oculis
795 1367 925 1442 intueri
941 1389 1003 1440 eos
1016 1368 1183 1461 desuper,
1215 1366 1312 1442 &ita
1326 1371 1528 1450 exsultantis

365 1460 495 1534 laetitiae
515 1459 619 1556 super
639 1485 701 1537 eos
722 1460 815 1562 figna
835 1465 918 1537 dare
941 1485 984 1537 ac
1004 1462 1149 1561 effecba3
1173 1485 1280 1557 quare
1295 1466 1455 1556 additur,
1481 1471 1526 1544 ad

364 1554 628 1647 benefaciendum
649 1557 735 1656 ipssr.
775 1581 807 1634 2.
824 1559 1003 1633 Secundum
1016 1562 1234 1647 membrum,
1252 1563 1408 1654 plantabo
1421 1572 1524 1638 cosin

218 1711 222 1726 .
365 1658 509 1726 veritate
531 1661 568 1728 ia
589 1660 647 1728 bac
670 1671 778 1746 rema,
812 1679 886 1732 non
910 1653 1174 1732 tanutmfirmas
1188 1656 1457 1749 comprehendit
1468 1657 1521 1732 se.

353 1747 445 1838 des,
477 1747 537 1823 sed
556 1751 591 1825 δι
610 1753 647 1826 in
669 1759 809 1827 ventare
822 1752 1001 1842 fundatas,
1026 1749 1295 1829 adeoutsensus
1309 1749 1370 1840 fit,
1398 1751 1521 1831 Deum

240 1887 243 1892 ·
362 1861 586 1939 cursurum,
614 1865 654 1925 ut
666 1851 703 1926 in
718 1873 804 1926 vera
815 1849 884 1925 fide
904 1873 947 1926 ac
959 1851 1152 1948 religione,
1179 1849 1218 1922 in
1239 1863 1333 1922 terra
1351 1847 1523 1924 Cananaea

360 1943 633 2038 manifestanda,
656 1949 915 2037 radicarentur,
930 1970 972 2022 ac
984 1945 1077 2024 firmi
1089 1944 1339 2032 confisterent,
1360 1965 1402 2016 ac
1414 1945 1523 2043 longe

359 2039 501 2135 lateque
522 2061 778 2121 excrescerent.
829 2047 1028 2139 Utrumque
1052 2046 1147 2118 enim
1170 2041 1276 2128 illud,
1306 2040 1341 2112 &
1354 2036 1521 2132 firmiter,

359 2134 406 2216 ὃ
426 2145 464 2209 in
485 2145 649 2226 veritate,
681 2141 829 2212 denotat
842 2161 925 2212 ¹vor
945 2165 1039 2212 naar.
1080 2137 1211 2208 Veritas
1232 2147 1371 2222 autem,
1400 2137 1521 2233 inqua

357 2230 501 2304 radicati
515 2231 763 2321 consisterent,
785 2233 819 2304 dc
833 2232 1080 2327 exsurgerent,
1096 2231 1167 2304 late
1181 2228 1269 2306 sumi
1283 2229 1519 2324 potesi,cu1n

356 2325 515 2403 absolute
536 2341 719 2418 occurrat,
749 2350 817 2423 pro
835 2349 921 2400 vera
942 2323 1033 2419 fide,
1054 2327 1227 2424 religione
1248 2327 1283 2400 δι
1303 2328 1458 2422 pietate,
1480 2329 1518 2404 si·

354 2425 430 2500 mul
452 2422 532 2513 tali,
561 2446 638 2520 quae
658 2427 746 2499 nuda
765 2423 836 2498 srne
859 2425 994 2501 umbris
1015 2425 1051 2498 u
1073 2425 1268 2500 involucris
1283 2423 1355 2498 sese
1369 2426 1516 2503 manife-

353 2517 441 2611 stat,
461 2523 497 2596 &
509 2522 546 2596 in
559 2545 626 2617 qua
661 2517 790 2617 romiffu
803 2521 897 2613 Dei,
918 2523 1006 2597 olim
1018 2520 1129 2612 sada,
1148 2522 1417 2618 implementum
1431 2545 1515 2602 con·

353 2611 473 2691 secuta
493 2618 591 2706 sunt3
634 2634 708 2692 scut
730 2622 783 2690 lex
803 2633 860 2713 per
874 2617 1000 2715 Mosam
1015 2620 1093 2694 data
1106 2619 1255 2710 dicinu,
1274 2626 1387 2714 gratu
1400 2620 1446 2704 δ’
1458 2645 1514 2696 oe-

351 2716 440 2782 τίτας
450 2726 511 2806 per
527 2709 710 2803 Christum,
731 2711 813 2807 Joh.
831 2736 863 2790 1.
915 2736 948 2808 3.
963 2713 1135 2808 Denique
1150 2716 1282 2785 utimar
1297 2735 1423 2798 voces,
1444 2731 1513 2788 roto

351 2808 444 2879 corde
458 2803 502 2888 ἐξ
516 2812 626 2880 anima
641 2832 729 2899 mea,
751 2808 823 2884 sese
836 2810 880 2884 ad
893 2823 1081 2898 utrumque
1095 2807 1294 2878 membrum
1306 2805 1507 2912 pmcedens

350 2902 568 2993 extendunt,
595 2903 754 3002 adeoque
777 2907 920 2994 dicunt,
948 2903 1068 2977 Deum
1085 2922 1157 2971 caan
1171 2913 1251 2972 toto
1264 2919 1383 2974 ammo
1396 2899 1507 2977 exstri-

350 3011 505 3076 taturum
518 2999 594 3095 ipsis
606 3003 884 3090 benefaciendo,
907 3015 977 3072 tum
990 2993 1506 3090 intellesiu&voluntatesua,

348 3097 446 3190 quod
467 3096 519 3172 est
537 3102 626 3174 tude
648 3099 692 3184 ὃ
704 3106 838 3187 anima,
858 3095 918 3169 seu
933 3093 1120 3190 sapientia,
1141 3092 1304 3188 potentia
1317 3092 1351 3168 &
1364 3094 1506 3174 adfettu

345 3191 410 3270 suo
424 3245 436 3285 ,
462 3218 524 3270 eos
546 3196 740 3272 inveritate
753 3200 995 3292 plantaturum.

395 3298 427 3382 §.
441 3291 602 3368 DLXVI.
659 3321 688 3370 ι.
715 3289 877 3387 Posterior
896 3314 976 3388 pars
995 3290 1222 3366 revelationis
1235 3291 1502 3385 comprehendit

342 3421 379 3464 ι.
401 3387 705 3466 confirmationem
727 3388 985 3464 instaurationis
1005 3388 1222 3482 plenissimae,
1250 3389 1358 3462 modo
1374 3388 1500 3484 exposi-

343 3503 388 3562 ta
410 3486 499 3560 vers.
521 3509 579 3578 4²·
602 3491 637 3572 β.
666 3487 861 3577 Speciaiem
882 3485 1151 3578 adplicarionem
1172 3485 1216 3553 ad
1228 3482 1435 3573 praesentem
1448 3509 1501 3562 ca·
1565 3550 1570 3559 .

342 3583 418 3660 sunr
439 3583 601 3660 emtionis
622 3581 695 3674 agri
718 3603 738 3651 a
758 3581 935 3675 Propheta
956 3577 1064 3650 fasta.
1088 3575 1175 3650 vers.
1197 3598 1260 3668 43,
1275 3601 1334 3669 44
1358 3613 1393 3656 a.
1442 3583 1502 3657 Ad

340 3681 521 3777 superiora
534 3671 773 3750 confirmanda
786 3679 860 3750 haec
875 3676 985 3747 verba
998 3671 1169 3761 tendunt,
1190 3669 1280 3749 vers.
1296 3697 1355 3765 42.
1407 3675 1501 3780 Quia

331 3777 383 3871 fic
403 3781 488 3850 dixit
510 3771 664 3872 Jehoo05
695 3771 954 3866 quemadmodum
975 3769 1097 3842 adduxi
1108 3767 1209 3865 super
1226 3775 1381 3869 populum
1393 3779 1497 3865 hunc,

1377 3893 1498 3946 tament

221 4065 230 4078 ,
375 4010 397 4051 a
417 3987 511 4060 Cirr.
527 4007 562 4071 p.
578 3983 654 4072 298,
669 3985 704 4053 δι
718 3983 758 4052 td
772 3981 834 4070 Job
853 3995 925 4054 nrt
943 4003 996 4053 rr.
1014 3996 1111 4071 arnt
1130 4000 1181 4070 tp.

185 4138 233 4150 ⁴-
