<?xml version="1.0" encoding="UTF-8"?>
<!DOCTYPE html PUBLIC "-//W3C//DTD XHTML 1.0 Transitional//EN"
    "http://www.w3.org/TR/xhtml1/DTD/xhtml1-transitional.dtd">
<html xmlns="http://www.w3.org/1999/xhtml" xml:lang="en" lang="en">
 <head>
  <title>
</title>
<meta http-equiv="Content-Type" content="text/html;charset=utf-8" />
  <meta name='ocr-system' content='tesseract 3.04.00' />
  <meta name='ocr-capabilities' content='ocr_page ocr_carea ocr_par ocr_line ocrx_word'/>
</head>
<body>
  <div class='ocr_page' id='page_1' title='image "./hermannivenemac00venegoog_0187.png"; bbox 0 0 3700 4667; ppageno 0'>
   <div class='ocr_carea' id='block_1_1' title="bbox 390 436 1371 564">
    <p class='ocr_par' dir='ltr' id='par_1_1' title="bbox 390 436 1371 564">
     <span class='ocr_line' id='line_1_1' title="bbox 390 436 1371 564; baseline -0.006 -23"><span class='ocrx_word' id='word_1_1' title='bbox 390 475 462 564; x_wconf 72' lang='lat'>792</span> <span class='ocrx_word' id='word_1_2' title='bbox 555 436 1371 535; x_wconf 79' lang='lat' dir='ltr'>conorturnnrus</span> 
     </span>
    </p>
   </div>
   <div class='ocr_carea' id='block_1_2' title="bbox 304 644 1594 2605">
    <p class='ocr_par' dir='ltr' id='par_1_2' title="bbox 304 644 1594 2605">
     <span class='ocr_line' id='line_1_2' title="bbox 387 644 1568 753; baseline -0.001 -22"><span class='ocrx_word' id='word_1_3' title='bbox 387 654 622 746; x_wconf 74' lang='lat' dir='ltr'><strong>antecedens,</strong></span> <span class='ocrx_word' id='word_1_4' title='bbox 646 656 754 729; x_wconf 82' lang='lat' dir='ltr'>altera</span> <span class='ocrx_word' id='word_1_5' title='bbox 774 650 1002 749; x_wconf 76' lang='lat' dir='ltr'>consequens.</span> <span class='ocrx_word' id='word_1_6' title='bbox 1035 678 1068 727; x_wconf 82' lang='lat' dir='ltr'>rr.</span> <span class='ocrx_word' id='word_1_7' title='bbox 1095 650 1198 725; x_wconf 81' lang='lat' dir='ltr'><strong><em>Prior</em></strong></span> <span class='ocrx_word' id='word_1_8' title='bbox 1218 651 1288 727; x_wconf 90' lang='lat' dir='ltr'>fuit</span> <span class='ocrx_word' id='word_1_9' title='bbox 1301 652 1412 728; x_wconf 91' lang='lat' dir='ltr'>emtio</span> <span class='ocrx_word' id='word_1_10' title='bbox 1426 654 1498 753; x_wconf 80' lang='lat' dir='ltr'>agri</span> <span class='ocrx_word' id='word_1_11' title='bbox 1512 644 1568 735; x_wconf 82' lang='lat' dir='ltr'>in¹</span> 
     </span>
     <span class='ocr_line' id='line_1_3' title="bbox 385 748 1594 849; baseline -0.001 -19"><span class='ocrx_word' id='word_1_12' title='bbox 385 753 591 847; x_wconf 85' lang='lat' dir='ltr'>Anathotb‚</span> <span class='ocrx_word' id='word_1_13' title='bbox 619 752 700 845; x_wconf 82' lang='lat' dir='ltr'>jure</span> <span class='ocrx_word' id='word_1_14' title='bbox 721 749 1053 849; x_wconf 76' lang='lat' dir='ltr'>consanguineitatis</span> <span class='ocrx_word' id='word_1_15' title='bbox 1075 748 1271 843; x_wconf 83' lang='lat' dir='ltr'>Jercmiea</span> <span class='ocrx_word' id='word_1_16' title='bbox 1292 748 1594 845; x_wconf 56' lang='lat' dir='ltr'>Chanametlos‘</span> 
     </span>
     <span class='ocr_line' id='line_1_4' title="bbox 384 845 1548 945; baseline 0.001 -20"><span class='ocrx_word' id='word_1_17' title='bbox 384 848 459 925; x_wconf 87' lang='lat' dir='ltr'>filio</span> <span class='ocrx_word' id='word_1_18' title='bbox 482 852 598 945; x_wconf 83' lang='lat' dir='ltr'>patrui</span> <span class='ocrx_word' id='word_1_19' title='bbox 613 852 709 944; x_wconf 89' lang='lat' dir='ltr'>ejus,</span> <span class='ocrx_word' id='word_1_20' title='bbox 734 848 873 937; x_wconf 78' lang='lat' dir='ltr'>oblata,</span> <span class='ocrx_word' id='word_1_21' title='bbox 896 849 931 921; x_wconf 78' lang='lat' dir='ltr'>tr</span> <span class='ocrx_word' id='word_1_22' title='bbox 945 851 988 923; x_wconf 91' lang='lat' dir='ltr'>ab</span> <span class='ocrx_word' id='word_1_23' title='bbox 1010 845 1084 941; x_wconf 90' lang='lat' dir='ltr'>ipso</span> <span class='ocrx_word' id='word_1_24' title='bbox 1102 845 1193 939; x_wconf 88' lang='lat' dir='ltr'>jussu</span> <span class='ocrx_word' id='word_1_25' title='bbox 1206 846 1277 919; x_wconf 88' lang='lat' dir='ltr'>Dei</span> <span class='ocrx_word' id='word_1_26' title='bbox 1299 846 1409 938; x_wconf 79' lang='lat' dir='ltr'>fatie,</span> <span class='ocrx_word' id='word_1_27' title='bbox 1434 870 1474 923; x_wconf 88' lang='lat' dir='ltr'>ac</span> <span class='ocrx_word' id='word_1_28' title='bbox 1494 849 1548 927; x_wconf 91' lang='lat' dir='ltr'>so·</span> 
     </span>
     <span class='ocr_line' id='line_1_5' title="bbox 385 942 1549 1040; baseline -0.008 -20"><span class='ocrx_word' id='word_1_29' title='bbox 385 948 551 1024; x_wconf 87' lang='lat' dir='ltr'>lemniter</span> <span class='ocrx_word' id='word_1_30' title='bbox 566 946 792 1035; x_wconf 80' lang='lat' dir='ltr'>confirmate,</span> <span class='ocrx_word' id='word_1_31' title='bbox 816 968 887 1020; x_wconf 88' lang='lat' dir='ltr'>una</span> <span class='ocrx_word' id='word_1_32' title='bbox 907 967 990 1021; x_wconf 91' lang='lat' dir='ltr'>cum</span> <span class='ocrx_word' id='word_1_33' title='bbox 1003 942 1226 1039; x_wconf 73' lang='lat' dir='ltr'>prediitione</span> <span class='ocrx_word' id='word_1_34' title='bbox 1241 943 1334 1035; x_wconf 87' lang='lat' dir='ltr'>Dei,</span> <span class='ocrx_word' id='word_1_35' title='bbox 1360 947 1482 1040; x_wconf 85' lang='lat' dir='ltr'>populi</span> <span class='ocrx_word' id='word_1_36' title='bbox 1497 948 1549 1023; x_wconf 82' lang='lat' dir='ltr'>in.</span> 
     </span>
     <span class='ocr_line' id='line_1_6' title="bbox 384 1040 1550 1134; baseline 0.002 -15"><span class='ocrx_word' id='word_1_37' title='bbox 384 1043 636 1121; x_wconf 82' lang='lat' dir='ltr'>staurationem</span> <span class='ocrx_word' id='word_1_38' title='bbox 665 1046 704 1119; x_wconf 91' lang='lat' dir='ltr'>in</span> <span class='ocrx_word' id='word_1_39' title='bbox 731 1042 901 1118; x_wconf 78' lang='lat' dir='ltr'>Capanea</span> <span class='ocrx_word' id='word_1_40' title='bbox 930 1042 1169 1132; x_wconf 85' lang='lat' dir='ltr'>continente,</span> <span class='ocrx_word' id='word_1_41' title='bbox 1206 1040 1296 1118; x_wconf 87' lang='lat' dir='ltr'>vers.</span> <span class='ocrx_word' id='word_1_42' title='bbox 1325 1044 1435 1134; x_wconf 85' lang='lat'>6·-15.</span> <span class='ocrx_word' id='word_1_43' title='bbox 1488 1046 1550 1121; x_wconf 87' lang='lat' dir='ltr'>Ad</span> 
     </span>
     <span class='ocr_line' id='line_1_7' title="bbox 385 1137 1549 1239; baseline 0 -22"><span class='ocrx_word' id='word_1_44' title='bbox 385 1164 491 1237; x_wconf 81' lang='lat' dir='ltr'>quam</span> <span class='ocrx_word' id='word_1_45' title='bbox 517 1144 722 1239; x_wconf 86' lang='lat' dir='ltr'>pericopam</span> <span class='ocrx_word' id='word_1_46' title='bbox 749 1142 852 1218; x_wconf 88' lang='lat' dir='ltr'>nobis</span> <span class='ocrx_word' id='word_1_47' title='bbox 880 1140 1037 1236; x_wconf 79' lang='lat' dir='ltr'>quedam</span> <span class='ocrx_word' id='word_1_48' title='bbox 1065 1138 1183 1215; x_wconf 77' lang='lat' dir='ltr'>tellite</span> <span class='ocrx_word' id='word_1_49' title='bbox 1209 1137 1288 1214; x_wconf 90' lang='lat' dir='ltr'>sunt</span> <span class='ocrx_word' id='word_1_50' title='bbox 1308 1138 1549 1234; x_wconf 80' lang='lat' dir='ltr'>observanda,</span> 
     </span>
     <span class='ocr_line' id='line_1_8' title="bbox 315 1234 1548 1340; baseline 0.002 -27"><span class='ocrx_word' id='word_1_51' title='bbox 315 1234 321 1245; x_wconf 84' lang='lat'><em>&#39;</em></span> <span class='ocrx_word' id='word_1_52' title='bbox 385 1242 446 1313; x_wconf 87' lang='lat' dir='ltr'>vel</span> <span class='ocrx_word' id='word_1_53' title='bbox 473 1238 658 1340; x_wconf 75' lang='lat' dir='ltr'>negleea,</span> <span class='ocrx_word' id='word_1_54' title='bbox 696 1237 875 1332; x_wconf 81' lang='lat' dir='ltr'>velmale</span> <span class='ocrx_word' id='word_1_55' title='bbox 904 1234 1092 1313; x_wconf 67' lang='lat' dir='ltr'>intellecta.</span> <span class='ocrx_word' id='word_1_56' title='bbox 1151 1258 1184 1313; x_wconf 87' lang='lat'>1.</span> <span class='ocrx_word' id='word_1_57' title='bbox 1207 1234 1300 1312; x_wconf 90' lang='lat' dir='ltr'>Cum</span> <span class='ocrx_word' id='word_1_58' title='bbox 1345 1238 1548 1316; x_wconf 73' lang='lat' dir='ltr'>remittitur</span> 
     </span>
     <span class='ocr_line' id='line_1_9' title="bbox 384 1333 1548 1435; baseline 0.003 -24"><span class='ocrx_word' id='word_1_59' title='bbox 384 1334 475 1413; x_wconf 86' lang='lat' dir='ltr'>vers.</span> <span class='ocrx_word' id='word_1_60' title='bbox 498 1343 533 1414; x_wconf 91' lang='lat'>6.</span> <span class='ocrx_word' id='word_1_61' title='bbox 565 1336 609 1422; x_wconf 59' lang='grc' dir='ltr'>ἐξ</span> <span class='ocrx_word' id='word_1_62' title='bbox 629 1339 716 1411; x_wconf 77' lang='lat' dir='ltr'>dixit</span> <span class='ocrx_word' id='word_1_63' title='bbox 732 1333 904 1435; x_wconf 80' lang='lat' dir='ltr'>Jeremio:</span> <span class='ocrx_word' id='word_1_64' title='bbox 938 1338 1073 1410; x_wconf 82' lang='lat' dir='ltr'>uerbum</span> <span class='ocrx_word' id='word_1_65' title='bbox 1093 1334 1182 1427; x_wconf 84' lang='lat' dir='ltr'>Dei,</span> <span class='ocrx_word' id='word_1_66' title='bbox 1213 1336 1256 1407; x_wconf 79' lang='lat' dir='ltr'>ad</span> <span class='ocrx_word' id='word_1_67' title='bbox 1275 1340 1310 1430; x_wconf 86' lang='lat' dir='ltr'>ip</span> <span class='ocrx_word' id='word_1_68' title='bbox 1325 1359 1380 1408; x_wconf 89' lang='lat' dir='ltr'>um</span> <span class='ocrx_word' id='word_1_69' title='bbox 1393 1333 1548 1429; x_wconf 70' lang='lat' dir='ltr'>fastum,</span> 
     </span>
     <span class='ocr_line' id='line_1_10' title="bbox 383 1429 1548 1525; baseline 0.003 -19"><span class='ocrx_word' id='word_1_70' title='bbox 383 1433 473 1510; x_wconf 87' lang='lat' dir='ltr'>vers.</span> <span class='ocrx_word' id='word_1_71' title='bbox 498 1457 529 1509; x_wconf 93' lang='lat'>1.</span> <span class='ocrx_word' id='word_1_72' title='bbox 554 1446 810 1522; x_wconf 85' lang='lat' dir='ltr'>memoratum,</span> <span class='ocrx_word' id='word_1_73' title='bbox 832 1434 980 1509; x_wconf 91' lang='lat' dir='ltr'>hicnon</span> <span class='ocrx_word' id='word_1_74' title='bbox 1001 1433 1148 1523; x_wconf 87' lang='lat' dir='ltr'>referri,</span> <span class='ocrx_word' id='word_1_75' title='bbox 1174 1429 1235 1506; x_wconf 92' lang='lat' dir='ltr'>sed</span> <span class='ocrx_word' id='word_1_76' title='bbox 1255 1432 1370 1507; x_wconf 85' lang='lat' dir='ltr'>casum</span> <span class='ocrx_word' id='word_1_77' title='bbox 1392 1436 1548 1525; x_wconf 81' lang='lat' dir='ltr'>narrari,</span> 
     </span>
     <span class='ocr_line' id='line_1_11' title="bbox 367 1528 1577 1627; baseline 0.003 -22"><span class='ocrx_word' id='word_1_78' title='bbox 367 1530 443 1627; x_wconf 74' lang='lat' dir='ltr'>&#39;qui</span> <span class='ocrx_word' id='word_1_79' title='bbox 471 1531 730 1607; x_wconf 84' lang='lat' dir='ltr'>revelationem</span> <span class='ocrx_word' id='word_1_80' title='bbox 750 1532 845 1606; x_wconf 88' lang='lat' dir='ltr'>illam</span> <span class='ocrx_word' id='word_1_81' title='bbox 864 1528 1030 1627; x_wconf 84' lang='lat' dir='ltr'>precellit</span> <span class='ocrx_word' id='word_1_82' title='bbox 1050 1530 1085 1605; x_wconf 75' lang='lat' dir='ltr'>tr</span> <span class='ocrx_word' id='word_1_83' title='bbox 1104 1530 1290 1626; x_wconf 87' lang='lat' dir='ltr'>produxit,</span> <span class='ocrx_word' id='word_1_84' title='bbox 1322 1529 1544 1609; x_wconf 85' lang='lat' dir='ltr'>manifestum</span> <span class='ocrx_word' id='word_1_85' title='bbox 1571 1545 1577 1555; x_wconf 89' lang='grc'><em>’</em></span> 
     </span>
     <span class='ocr_line' id='line_1_12' title="bbox 380 1624 1543 1798; baseline 0.002 -97"><span class='ocrx_word' id='word_1_86' title='bbox 380 1626 459 1702; x_wconf 85' lang='lat' dir='ltr'>est:</span> <span class='ocrx_word' id='word_1_87' title='bbox 492 1630 602 1705; x_wconf 86' lang='lat' dir='ltr'>verba</span> <span class='ocrx_word' id='word_1_88' title='bbox 620 1627 718 1723; x_wconf 80' lang='lat' dir='ltr'>eninr</span> <span class='ocrx_word' id='word_1_89' title='bbox 738 1629 796 1702; x_wconf 83' lang='lat' dir='ltr'>illa</span> <span class='ocrx_word' id='word_1_90' title='bbox 816 1626 860 1713; x_wconf 74' lang='lat' dir='ltr'>i?</span> <span class='ocrx_word' id='word_1_91' title='bbox 882 1630 968 1703; x_wconf 82' lang='lat' dir='ltr'><strong><em>dixit</em></strong></span> <span class='ocrx_word' id='word_1_92' title='bbox 989 1624 1169 1798; x_wconf 49' lang='lat' dir='ltr'>feronio,</span> <span class='ocrx_word' id='word_1_93' title='bbox 1205 1626 1293 1701; x_wconf 82' lang='lat' dir='ltr'>sicut</span> <span class='ocrx_word' id='word_1_94' title='bbox 1314 1650 1334 1699; x_wconf 88' lang='lat' dir='ltr'><strong>a</strong></span> <span class='ocrx_word' id='word_1_95' title='bbox 1356 1631 1454 1703; x_wconf 82' lang='lat' dir='ltr'>verbo</span> <span class='ocrx_word' id='word_1_96' title='bbox 1473 1628 1543 1703; x_wconf 88' lang='lat' dir='ltr'>Dei</span> 
     </span>
     <span class='ocr_line' id='line_1_13' title="bbox 380 1723 1545 1824; baseline 0.003 -27"><span class='ocrx_word' id='word_1_97' title='bbox 380 1724 443 1819; x_wconf 77' lang='lat' dir='ltr'>ipsi</span> <span class='ocrx_word' id='word_1_98' title='bbox 469 1725 564 1800; x_wconf 78' lang='lat' dir='ltr'>frito</span> <span class='ocrx_word' id='word_1_99' title='bbox 598 1723 884 1824; x_wconf 84' lang='lat' dir='ltr'>distinguuntur,</span> <span class='ocrx_word' id='word_1_100' title='bbox 916 1726 966 1801; x_wconf 83' lang='lat' dir='ltr'>ita</span> <span class='ocrx_word' id='word_1_101' title='bbox 1004 1724 1166 1801; x_wconf 85' lang='lat' dir='ltr'>ocum&amp;</span> <span class='ocrx_word' id='word_1_102' title='bbox 1188 1723 1364 1820; x_wconf 85' lang='lat' dir='ltr'>empbafin</span> <span class='ocrx_word' id='word_1_103' title='bbox 1386 1747 1462 1807; x_wconf 87' lang='lat' dir='ltr'>non</span> <span class='ocrx_word' id='word_1_104' title='bbox 1486 1724 1545 1801; x_wconf 80' lang='lat' dir='ltr'>he·</span> 
     </span>
     <span class='ocr_line' id='line_1_14' title="bbox 379 1820 1545 1919; baseline 0 -20"><span class='ocrx_word' id='word_1_105' title='bbox 379 1824 530 1915; x_wconf 86' lang='lat' dir='ltr'>herent,</span> <span class='ocrx_word' id='word_1_106' title='bbox 555 1821 580 1897; x_wconf 84' lang='lat' dir='ltr'><strong>fi</strong></span> <span class='ocrx_word' id='word_1_107' title='bbox 599 1827 812 1898; x_wconf 80' lang='lat' dir='ltr'>revelationis</span> <span class='ocrx_word' id='word_1_108' title='bbox 831 1822 931 1897; x_wconf 79' lang='lat' dir='ltr'>fattae</span> <span class='ocrx_word' id='word_1_109' title='bbox 950 1823 1089 1899; x_wconf 90' lang='lat' dir='ltr'>initium</span> <span class='ocrx_word' id='word_1_110' title='bbox 1108 1822 1281 1898; x_wconf 88' lang='lat' dir='ltr'>facerent.</span> <span class='ocrx_word' id='word_1_111' title='bbox 1332 1820 1461 1919; x_wconf 91' lang='lat' dir='ltr'>Incipit</span> <span class='ocrx_word' id='word_1_112' title='bbox 1481 1823 1545 1899; x_wconf 82' lang='lat' dir='ltr'>ita·</span> 
     </span>
     <span class='ocr_line' id='line_1_15' title="bbox 379 1918 1544 2017; baseline 0 -20"><span class='ocrx_word' id='word_1_113' title='bbox 379 1942 450 2015; x_wconf 87' lang='lat' dir='ltr'>que</span> <span class='ocrx_word' id='word_1_114' title='bbox 480 1922 539 1997; x_wconf 91' lang='lat' dir='ltr'>bic</span> <span class='ocrx_word' id='word_1_115' title='bbox 568 1942 709 1997; x_wconf 81' lang='lat' dir='ltr'>narrme</span> <span class='ocrx_word' id='word_1_116' title='bbox 737 1919 935 2017; x_wconf 85' lang='lat' dir='ltr'>Jeremius,</span> <span class='ocrx_word' id='word_1_117' title='bbox 967 1921 1051 2015; x_wconf 92' lang='lat' dir='ltr'>quid</span> <span class='ocrx_word' id='word_1_118' title='bbox 1076 1918 1296 1996; x_wconf 78' lang='lat' dir='ltr'>occasionem</span> <span class='ocrx_word' id='word_1_119' title='bbox 1316 1922 1544 1997; x_wconf 87' lang='lat' dir='ltr'>revelationis</span> 
     </span>
     <span class='ocr_line' id='line_1_16' title="bbox 304 2018 1541 2115; baseline -0.006 -16"><span class='ocrx_word' id='word_1_120' title='bbox 304 2085 310 2099; x_wconf 90' lang='lat'>.</span> <span class='ocrx_word' id='word_1_121' title='bbox 378 2019 590 2115; x_wconf 83' lang='lat' dir='ltr'>prebuerit:</span> <span class='ocrx_word' id='word_1_122' title='bbox 623 2042 668 2095; x_wconf 84' lang='lat' dir='ltr'>ex</span> <span class='ocrx_word' id='word_1_123' title='bbox 694 2041 767 2115; x_wconf 92' lang='lat' dir='ltr'>quo</span> <span class='ocrx_word' id='word_1_124' title='bbox 794 2018 893 2095; x_wconf 88' lang='lat' dir='ltr'>limul</span> <span class='ocrx_word' id='word_1_125' title='bbox 914 2018 1101 2110; x_wconf 88' lang='lat' dir='ltr'>elucescit,</span> <span class='ocrx_word' id='word_1_126' title='bbox 1127 2019 1237 2093; x_wconf 88' lang='lat' dir='ltr'>verba</span> <span class='ocrx_word' id='word_1_127' title='bbox 1258 2018 1316 2091; x_wconf 84' lang='lat' dir='ltr'>illa</span> <span class='ocrx_word' id='word_1_128' title='bbox 1329 2040 1402 2095; x_wconf 88' lang='lat' dir='ltr'>non</span> <span class='ocrx_word' id='word_1_129' title='bbox 1417 2019 1541 2111; x_wconf 76' lang='lat' dir='ltr'>simpli-</span> 
     </span>
     <span class='ocr_line' id='line_1_17' title="bbox 378 2114 1537 2211; baseline -0.003 -21"><span class='ocrx_word' id='word_1_130' title='bbox 378 2116 472 2193; x_wconf 88' lang='lat' dir='ltr'>citer</span> <span class='ocrx_word' id='word_1_131' title='bbox 494 2118 539 2191; x_wconf 90' lang='lat' dir='ltr'>ad</span> <span class='ocrx_word' id='word_1_132' title='bbox 553 2115 693 2192; x_wconf 87' lang='lat' dir='ltr'>versum</span> <span class='ocrx_word' id='word_1_133' title='bbox 707 2116 914 2210; x_wconf 86' lang='lat' dir='ltr'>sequentem</span> <span class='ocrx_word' id='word_1_134' title='bbox 934 2118 1135 2211; x_wconf 85' lang='lat' dir='ltr'>pertinere,</span> <span class='ocrx_word' id='word_1_135' title='bbox 1152 2137 1220 2189; x_wconf 90' lang='lat' dir='ltr'>nec</span> <span class='ocrx_word' id='word_1_136' title='bbox 1234 2115 1405 2203; x_wconf 71' lang='lat' dir='ltr'>indicare,</span> <span class='ocrx_word' id='word_1_137' title='bbox 1429 2114 1537 2204; x_wconf 87' lang='lat' dir='ltr'>illud,</span> 
     </span>
     <span class='ocr_line' id='line_1_18' title="bbox 376 2208 1541 2328; baseline 0.002 -43"><span class='ocrx_word' id='word_1_138' title='bbox 376 2226 569 2309; x_wconf 78' lang='lat' dir='ltr'>antequam</span> <span class='ocrx_word' id='word_1_139' title='bbox 594 2210 685 2324; x_wconf 80' lang='lat' dir='ltr'>filius</span> <span class='ocrx_word' id='word_1_140' title='bbox 714 2214 830 2309; x_wconf 90' lang='lat' dir='ltr'>patrui</span> <span class='ocrx_word' id='word_1_141' title='bbox 858 2212 910 2325; x_wconf 39' lang='lat' dir='ltr'>ad·</span> <span class='ocrx_word' id='word_1_142' title='bbox 923 2234 1006 2289; x_wconf 87' lang='lat' dir='ltr'>eum</span> <span class='ocrx_word' id='word_1_143' title='bbox 1029 2210 1191 2328; x_wconf 68' lang='lat' dir='ltr'>accesit,</span> <span class='ocrx_word' id='word_1_144' title='bbox 1224 2210 1324 2325; x_wconf 73' lang='lat' dir='ltr'>fuille</span> <span class='ocrx_word' id='word_1_145' title='bbox 1347 2208 1541 2303; x_wconf 78' lang='lat' dir='ltr'>aJeremie</span> 
     </span>
     <span class='ocr_line' id='line_1_19' title="bbox 375 2307 1540 2505; baseline -0.003 -24"><span class='ocrx_word' id='word_1_146' title='bbox 375 2307 1067 2499; x_wconf 56' lang='lat' dir='ltr'>irritentutetlteo</span> <span class='ocrx_word' id='word_1_147' title='bbox 1081 2309 1540 2505; x_wconf 60' lang='lat' dir='ltr'>ttittttttttz</span> 
     </span>
     <span class='ocr_line' id='line_1_20' title="bbox 376 2504 1544 2605; baseline 0.003 -24"><span class='ocrx_word' id='word_1_148' title='bbox 376 2504 547 2581; x_wconf 82' lang='lat' dir='ltr'>tendere:</span> <span class='ocrx_word' id='word_1_149' title='bbox 580 2504 734 2600; x_wconf 88' lang='lat' dir='ltr'>sequitur</span> <span class='ocrx_word' id='word_1_150' title='bbox 755 2507 853 2583; x_wconf 86' lang='lat' dir='ltr'>enirn</span> <span class='ocrx_word' id='word_1_151' title='bbox 871 2507 1027 2583; x_wconf 82' lang='lat' dir='ltr'>narratio</span> <span class='ocrx_word' id='word_1_152' title='bbox 1053 2509 1263 2605; x_wconf 76' lang='lat' dir='ltr'>prophete,</span> <span class='ocrx_word' id='word_1_153' title='bbox 1295 2529 1372 2581; x_wconf 90' lang='lat' dir='ltr'>non</span> <span class='ocrx_word' id='word_1_154' title='bbox 1393 2507 1544 2584; x_wconf 85' lang='lat' dir='ltr'>interru-</span> 
     </span>
    </p>
   </div>
   <div class='ocr_carea' id='block_1_3' title="bbox 244 2599 1543 2697">
    <p class='ocr_par' dir='ltr' id='par_1_3' title="bbox 244 2599 1543 2697">
     <span class='ocr_line' id='line_1_21' title="bbox 244 2599 1543 2697; baseline 0.014 -34"><span class='ocrx_word' id='word_1_155' title='bbox 244 2614 275 2663; x_wconf 87' lang='lat'>.·</span> <span class='ocrx_word' id='word_1_156' title='bbox 377 2617 451 2697; x_wconf 84' lang='lat' dir='ltr'>pta.</span> <span class='ocrx_word' id='word_1_157' title='bbox 503 2624 538 2675; x_wconf 80' lang='lat' dir='ltr'>r.</span> <span class='ocrx_word' id='word_1_158' title='bbox 565 2599 656 2676; x_wconf 91' lang='lat' dir='ltr'>Cum</span> <span class='ocrx_word' id='word_1_159' title='bbox 677 2601 852 2695; x_wconf 83' lang='lat' dir='ltr'>propheta</span> <span class='ocrx_word' id='word_1_160' title='bbox 871 2600 986 2694; x_wconf 87' lang='lat' dir='ltr'>dicit,</span> <span class='ocrx_word' id='word_1_161' title='bbox 1010 2602 1183 2697; x_wconf 81' lang='lat' dir='ltr'>Jebovam</span> <span class='ocrx_word' id='word_1_162' title='bbox 1203 2605 1263 2677; x_wconf 89' lang='lat' dir='ltr'>fibi</span> <span class='ocrx_word' id='word_1_163' title='bbox 1283 2605 1473 2695; x_wconf 86' lang='lat' dir='ltr'>revelaffe‚</span> <span class='ocrx_word' id='word_1_164' title='bbox 1502 2600 1543 2681; x_wconf 89' lang='lat' dir='ltr'>fi·</span> 
     </span>
    </p>
   </div>
   <div class='ocr_carea' id='block_1_4' title="bbox 282 2695 1608 4123">
    <p class='ocr_par' dir='ltr' id='par_1_4' title="bbox 282 2695 1608 4123">
     <span class='ocr_line' id='line_1_22' title="bbox 377 2695 1538 2793; baseline -0.001 -22"><span class='ocrx_word' id='word_1_165' title='bbox 377 2698 467 2771; x_wconf 90' lang='lat' dir='ltr'>llum</span> <span class='ocrx_word' id='word_1_166' title='bbox 497 2697 613 2790; x_wconf 86' lang='lat' dir='ltr'>patrui</span> <span class='ocrx_word' id='word_1_167' title='bbox 639 2695 684 2770; x_wconf 86' lang='lat' dir='ltr'>ad</span> <span class='ocrx_word' id='word_1_168' title='bbox 711 2696 825 2790; x_wconf 88' lang='lat' dir='ltr'>ipsum</span> <span class='ocrx_word' id='word_1_169' title='bbox 848 2714 1070 2790; x_wconf 84' lang='lat' dir='ltr'>venturum,</span> <span class='ocrx_word' id='word_1_170' title='bbox 1114 2702 1149 2773; x_wconf 76' lang='lat' dir='ltr'>ir</span> <span class='ocrx_word' id='word_1_171' title='bbox 1177 2700 1435 2772; x_wconf 85' lang='lat' dir='ltr'>redemtionem</span> <span class='ocrx_word' id='word_1_172' title='bbox 1463 2702 1538 2793; x_wconf 81' lang='lat' dir='ltr'>agri</span> 
     </span>
     <span class='ocr_line' id='line_1_23' title="bbox 375 2790 1533 2894; baseline -0.004 -25"><span class='ocrx_word' id='word_1_173' title='bbox 375 2794 579 2869; x_wconf 78' lang='lat' dir='ltr'>oblaturum</span> <span class='ocrx_word' id='word_1_174' title='bbox 593 2791 682 2865; x_wconf 91' lang='lat' dir='ltr'>vers.</span> <span class='ocrx_word' id='word_1_175' title='bbox 697 2813 732 2886; x_wconf 86' lang='lat'>7.</span> <span class='ocrx_word' id='word_1_176' title='bbox 756 2792 993 2894; x_wconf 81' lang='lat' dir='ltr'>&amp;deinceps‚</span> <span class='ocrx_word' id='word_1_177' title='bbox 1018 2818 1063 2869; x_wconf 91' lang='lat' dir='ltr'>eo</span> <span class='ocrx_word' id='word_1_178' title='bbox 1076 2793 1189 2880; x_wconf 78' lang='lat' dir='ltr'>fatto,</span> <span class='ocrx_word' id='word_1_179' title='bbox 1204 2790 1381 2884; x_wconf 83' lang='lat' dir='ltr'>subjungit</span> <span class='ocrx_word' id='word_1_180' title='bbox 1395 2790 1481 2863; x_wconf 89' lang='lat' dir='ltr'>vers.</span> <span class='ocrx_word' id='word_1_181' title='bbox 1500 2796 1533 2864; x_wconf 90' lang='lat'>8.</span> 
     </span>
     <span class='ocr_line' id='line_1_24' title="bbox 352 2884 1532 2993; baseline -0.007 -26"><span class='ocrx_word' id='word_1_182' title='bbox 352 2887 414 2967; x_wconf 78' lang='lat' dir='ltr'>&#39;se</span> <span class='ocrx_word' id='word_1_183' title='bbox 442 2886 623 2985; x_wconf 69' lang='lat' dir='ltr'>cognovisse</span> <span class='ocrx_word' id='word_1_184' title='bbox 650 2892 785 2965; x_wconf 81' lang='lat' dir='ltr'>vertum</span> <span class='ocrx_word' id='word_1_185' title='bbox 811 2888 951 2993; x_wconf 77' lang='lat' dir='ltr'>Jehouo</span> <span class='ocrx_word' id='word_1_186' title='bbox 976 2890 1033 2989; x_wconf 81' lang='lat' dir='ltr'>effe</span> <span class='ocrx_word' id='word_1_187' title='bbox 1053 2893 1135 2976; x_wconf 76' lang='lat' dir='ltr'>hoc5</span> <span class='ocrx_word' id='word_1_188' title='bbox 1168 2906 1243 2979; x_wconf 86' lang='lat' dir='ltr'>que</span> <span class='ocrx_word' id='word_1_189' title='bbox 1265 2884 1392 2959; x_wconf 87' lang='lat' dir='ltr'>minus·</span> <span class='ocrx_word' id='word_1_190' title='bbox 1410 2885 1532 2967; x_wconf 87' lang='lat' dir='ltr'>viden-</span> 
     </span>
     <span class='ocr_line' id='line_1_25' title="bbox 374 2980 1534 3088; baseline -0.005 -26"><span class='ocrx_word' id='word_1_191' title='bbox 374 3004 436 3062; x_wconf 87' lang='lat' dir='ltr'>tur</span> <span class='ocrx_word' id='word_1_192' title='bbox 464 2986 670 3076; x_wconf 78' lang='lat' dir='ltr'>coherere,</span> <span class='ocrx_word' id='word_1_193' title='bbox 699 2987 760 3079; x_wconf 78' lang='lat' dir='ltr'>tr,</span> <span class='ocrx_word' id='word_1_194' title='bbox 794 2994 1005 3088; x_wconf 84' lang='lat' dir='ltr'>prophetam</span> <span class='ocrx_word' id='word_1_195' title='bbox 1027 2998 1131 3057; x_wconf 86' lang='lat' dir='ltr'>antea</span> <span class='ocrx_word' id='word_1_196' title='bbox 1152 2983 1195 3085; x_wconf 80' lang='lat' dir='ltr'>&lt;le</span> <span class='ocrx_word' id='word_1_197' title='bbox 1218 2980 1369 3056; x_wconf 85' lang='lat' dir='ltr'>veritate</span> <span class='ocrx_word' id='word_1_198' title='bbox 1398 2983 1534 3057; x_wconf 85' lang='lat' dir='ltr'>revela-</span> 
     </span>
     <span class='ocr_line' id='line_1_26' title="bbox 375 3076 1608 3177; baseline -0.006 -17"><span class='ocrx_word' id='word_1_199' title='bbox 375 3085 485 3160; x_wconf 90' lang='lat' dir='ltr'>tionis</span> <span class='ocrx_word' id='word_1_200' title='bbox 514 3082 703 3175; x_wconf 83' lang='lat' dir='ltr'>dubitalle,</span> <span class='ocrx_word' id='word_1_201' title='bbox 724 3087 915 3177; x_wconf 79' lang='lat' dir='ltr'>insinuare,</span> <span class='ocrx_word' id='word_1_202' title='bbox 946 3085 990 3157; x_wconf 86' lang='lat' dir='ltr'>ad</span> <span class='ocrx_word' id='word_1_203' title='bbox 1015 3079 1111 3175; x_wconf 91' lang='lat' dir='ltr'>quod</span> <span class='ocrx_word' id='word_1_204' title='bbox 1130 3076 1391 3171; x_wconf 83' lang='lat' dir='ltr'>obbaerescunt3</span> <span class='ocrx_word' id='word_1_205' title='bbox 1417 3078 1536 3155; x_wconf 88' lang='lat' dir='ltr'>obser·</span> <span class='ocrx_word' id='word_1_206' title='bbox 1602 3140 1608 3153; x_wconf 90' lang='lat'><em>.</em></span> 
     </span>
     <span class='ocr_line' id='line_1_27' title="bbox 375 3174 1537 3280; baseline -0.005 -21"><span class='ocrx_word' id='word_1_207' title='bbox 375 3183 533 3259; x_wconf 83' lang='lat' dir='ltr'>vandum</span> <span class='ocrx_word' id='word_1_208' title='bbox 554 3180 626 3271; x_wconf 89' lang='lat' dir='ltr'>est,</span> <span class='ocrx_word' id='word_1_209' title='bbox 650 3182 769 3261; x_wconf 88' lang='lat' dir='ltr'>Deum</span> <span class='ocrx_word' id='word_1_210' title='bbox 789 3183 948 3280; x_wconf 87' lang='lat' dir='ltr'>Jeremiae</span> <span class='ocrx_word' id='word_1_211' title='bbox 967 3178 1168 3273; x_wconf 89' lang='lat' dir='ltr'>limpliciter</span> <span class='ocrx_word' id='word_1_212' title='bbox 1188 3174 1381 3255; x_wconf 86' lang='lat' dir='ltr'>notificasse</span> <span class='ocrx_word' id='word_1_213' title='bbox 1406 3178 1537 3253; x_wconf 89' lang='lat' dir='ltr'>adven-</span> 
     </span>
     <span class='ocr_line' id='line_1_28' title="bbox 374 3276 1534 3375; baseline -0.009 -16"><span class='ocrx_word' id='word_1_214' title='bbox 374 3299 454 3359; x_wconf 90' lang='lat' dir='ltr'>tum</span> <span class='ocrx_word' id='word_1_215' title='bbox 476 3279 716 3357; x_wconf 78' lang='lat' dir='ltr'>chanmeelis</span> <span class='ocrx_word' id='word_1_216' title='bbox 747 3284 889 3375; x_wconf 77' lang='lat' dir='ltr'>eiusque</span> <span class='ocrx_word' id='word_1_217' title='bbox 924 3276 1100 3375; x_wconf 85' lang='lat' dir='ltr'>scopum,</span> <span class='ocrx_word' id='word_1_218' title='bbox 1140 3279 1226 3355; x_wconf 86' lang='lat' dir='ltr'>nibil</span> <span class='ocrx_word' id='word_1_219' title='bbox 1254 3276 1300 3351; x_wconf 90' lang='lat' dir='ltr'>de</span> <span class='ocrx_word' id='word_1_220' title='bbox 1330 3298 1403 3365; x_wconf 89' lang='lat' dir='ltr'>eo,</span> <span class='ocrx_word' id='word_1_221' title='bbox 1440 3276 1534 3369; x_wconf 91' lang='lat' dir='ltr'>quod</span> 
     </span>
     <span class='ocr_line' id='line_1_29' title="bbox 374 3372 1533 3483; baseline -0.005 -32"><span class='ocrx_word' id='word_1_222' title='bbox 374 3378 551 3475; x_wconf 85' lang='lat' dir='ltr'>propbeta</span> <span class='ocrx_word' id='word_1_223' title='bbox 569 3378 725 3471; x_wconf 82' lang='lat' dir='ltr'>faceret,</span> <span class='ocrx_word' id='word_1_224' title='bbox 750 3378 933 3470; x_wconf 82' lang='lat' dir='ltr'>addidillt,</span> <span class='ocrx_word' id='word_1_225' title='bbox 958 3376 1018 3455; x_wconf 86' lang='lat' dir='ltr'>sed</span> <span class='ocrx_word' id='word_1_226' title='bbox 1038 3377 1074 3451; x_wconf 91' lang='lat' dir='ltr'>id</span> <span class='ocrx_word' id='word_1_227' title='bbox 1088 3377 1149 3473; x_wconf 78' lang='lat' dir='ltr'>ipsi</span> <span class='ocrx_word' id='word_1_228' title='bbox 1162 3372 1355 3469; x_wconf 79' lang='lat' dir='ltr'>reliquille3</span> <span class='ocrx_word' id='word_1_229' title='bbox 1381 3374 1533 3483; x_wconf 76' lang='lat' dir='ltr'>prophe-</span> 
     </span>
     <span class='ocr_line' id='line_1_30' title="bbox 315 3468 1531 3573; baseline -0.011 -20"><span class='ocrx_word' id='word_1_230' title='bbox 315 3492 319 3502; x_wconf 89' lang='lat'>&#39;</span> <span class='ocrx_word' id='word_1_231' title='bbox 374 3492 448 3552; x_wconf 79' lang='lat' dir='ltr'>tem</span> <span class='ocrx_word' id='word_1_232' title='bbox 475 3498 585 3569; x_wconf 89' lang='lat' dir='ltr'>vero,</span> <span class='ocrx_word' id='word_1_233' title='bbox 619 3500 701 3553; x_wconf 91' lang='lat' dir='ltr'>cum</span> <span class='ocrx_word' id='word_1_234' title='bbox 729 3476 766 3551; x_wconf 93' lang='lat' dir='ltr'>id</span> <span class='ocrx_word' id='word_1_235' title='bbox 784 3478 971 3573; x_wconf 89' lang='lat' dir='ltr'>impletum</span> <span class='ocrx_word' id='word_1_236' title='bbox 998 3476 1162 3562; x_wconf 86' lang='lat' dir='ltr'>videret,</span> <span class='ocrx_word' id='word_1_237' title='bbox 1195 3472 1410 3545; x_wconf 80' lang='lat' dir='ltr'>adverbum</span> <span class='ocrx_word' id='word_1_238' title='bbox 1438 3468 1531 3559; x_wconf 81' lang='lat' dir='ltr'>Der,</span> 
     </span>
     <span class='ocr_line' id='line_1_31' title="bbox 373 3562 1531 3668; baseline -0.006 -20"><span class='ocrx_word' id='word_1_239' title='bbox 373 3596 446 3668; x_wconf 91' lang='lat' dir='ltr'>quo</span> <span class='ocrx_word' id='word_1_240' title='bbox 480 3574 542 3650; x_wconf 87' lang='lat' dir='ltr'>fibi</span> <span class='ocrx_word' id='word_1_241' title='bbox 575 3576 646 3650; x_wconf 92' lang='lat' dir='ltr'>hoc</span> <span class='ocrx_word' id='word_1_242' title='bbox 679 3588 762 3647; x_wconf 88' lang='lat' dir='ltr'>ante</span> <span class='ocrx_word' id='word_1_243' title='bbox 800 3574 918 3663; x_wconf 83' lang='lat' dir='ltr'>fuerat</span> <span class='ocrx_word' id='word_1_244' title='bbox 944 3566 1229 3653; x_wconf 72' lang='lat' dir='ltr'>manifestatum,</span> <span class='ocrx_word' id='word_1_245' title='bbox 1267 3562 1531 3652; x_wconf 61' lang='lat' dir='ltr'>renuentem,</span> 
     </span>
     <span class='ocr_line' id='line_1_32' title="bbox 370 3660 1535 3771; baseline -0.009 -25"><span class='ocrx_word' id='word_1_246' title='bbox 370 3672 457 3747; x_wconf 88' lang='lat' dir='ltr'>inde</span> <span class='ocrx_word' id='word_1_247' title='bbox 478 3672 675 3771; x_wconf 76' lang='lat' dir='ltr'>collegisse,</span> <span class='ocrx_word' id='word_1_248' title='bbox 711 3688 759 3741; x_wconf 88' lang='lat' dir='ltr'>eo</span> <span class='ocrx_word' id='word_1_249' title='bbox 787 3668 895 3764; x_wconf 83' lang='lat' dir='ltr'>scopo</span> <span class='ocrx_word' id='word_1_250' title='bbox 921 3666 983 3739; x_wconf 84' lang='lat' dir='ltr'>fibi</span> <span class='ocrx_word' id='word_1_251' title='bbox 1011 3665 1079 3739; x_wconf 90' lang='lat' dir='ltr'>boc</span> <span class='ocrx_word' id='word_1_252' title='bbox 1107 3662 1301 3739; x_wconf 88' lang='lat' dir='ltr'>revelatum</span> <span class='ocrx_word' id='word_1_253' title='bbox 1322 3684 1342 3735; x_wconf 82' lang='lat' dir='ltr'>a</span> <span class='ocrx_word' id='word_1_254' title='bbox 1361 3660 1467 3752; x_wconf 86' lang='lat' dir='ltr'>Deo,</span> <span class='ocrx_word' id='word_1_255' title='bbox 1499 3662 1535 3736; x_wconf 77' lang='lat' dir='ltr'>tr</span> 
     </span>
     <span class='ocr_line' id='line_1_33' title="bbox 367 3758 1533 3865; baseline -0.009 -22"><span class='ocrx_word' id='word_1_256' title='bbox 367 3768 486 3865; x_wconf 87' lang='lat' dir='ltr'>ipsum</span> <span class='ocrx_word' id='word_1_257' title='bbox 512 3770 612 3843; x_wconf 89' lang='lat' dir='ltr'>illum</span> <span class='ocrx_word' id='word_1_258' title='bbox 639 3761 755 3838; x_wconf 83' lang='lat' dir='ltr'>casum</span> <span class='ocrx_word' id='word_1_259' title='bbox 778 3787 798 3838; x_wconf 84' lang='lat' dir='ltr'>a</span> <span class='ocrx_word' id='word_1_260' title='bbox 818 3766 902 3838; x_wconf 87' lang='lat' dir='ltr'>Deo</span> <span class='ocrx_word' id='word_1_261' title='bbox 927 3760 1117 3851; x_wconf 73' lang='lat' dir='ltr'>bretton,</span> <span class='ocrx_word' id='word_1_262' title='bbox 1154 3774 1195 3835; x_wconf 95' lang='lat' dir='ltr'>ut</span> <span class='ocrx_word' id='word_1_263' title='bbox 1218 3780 1339 3856; x_wconf 83' lang='lat' dir='ltr'>agrum</span> <span class='ocrx_word' id='word_1_264' title='bbox 1360 3758 1459 3835; x_wconf 91' lang='lat' dir='ltr'>illum</span> <span class='ocrx_word' id='word_1_265' title='bbox 1479 3764 1533 3833; x_wconf 85' lang='lat' dir='ltr'>r&#39;e·</span> 
     </span>
     <span class='ocr_line' id='line_1_34' title="bbox 372 3854 1533 3954; baseline -0.011 -12"><span class='ocrx_word' id='word_1_266' title='bbox 372 3868 549 3943; x_wconf 76' lang='lat' dir='ltr'>dimeretr</span> <span class='ocrx_word' id='word_1_267' title='bbox 588 3864 626 3936; x_wconf 93' lang='lat' dir='ltr'>id</span> <span class='ocrx_word' id='word_1_268' title='bbox 650 3858 747 3954; x_wconf 90' lang='lat' dir='ltr'>quod</span> <span class='ocrx_word' id='word_1_269' title='bbox 769 3860 845 3934; x_wconf 83' lang='lat' dir='ltr'>hec</span> <span class='ocrx_word' id='word_1_270' title='bbox 872 3858 982 3933; x_wconf 84' lang='lat' dir='ltr'>verba</span> <span class='ocrx_word' id='word_1_271' title='bbox 1008 3859 1191 3949; x_wconf 82' lang='lat' dir='ltr'>indicant,</span> <span class='ocrx_word' id='word_1_272' title='bbox 1224 3854 1267 3942; x_wconf 68' lang='lat'>&amp;⁹</span> <span class='ocrx_word' id='word_1_273' title='bbox 1296 3880 1328 3933; x_wconf 85' lang='lat' dir='ltr'>co</span> <span class='ocrx_word' id='word_1_274' title='bbox 1352 3860 1450 3943; x_wconf 81' lang='lat' dir='ltr'>novi,</span> <span class='ocrx_word' id='word_1_275' title='bbox 1476 3859 1533 3930; x_wconf 84' lang='lat' dir='ltr'>loc</span> 
     </span>
     <span class='ocr_line' id='line_1_35' title="bbox 282 3950 1532 4123; baseline -0.013 -84"><span class='ocrx_word' id='word_1_276' title='bbox 282 4056 287 4065; x_wconf 22' lang='grc' dir='ltr'>Ι</span> <span class='ocrx_word' id='word_1_277' title='bbox 369 3961 432 4062; x_wconf 72' lang='lat' dir='ltr'>effe</span> <span class='ocrx_word' id='word_1_278' title='bbox 446 3964 580 4037; x_wconf 77' lang='lat' dir='ltr'>vertum</span> <span class='ocrx_word' id='word_1_279' title='bbox 590 3955 749 4059; x_wconf 54' lang='lat' dir='ltr'>flehite,</span> <span class='ocrx_word' id='word_1_280' title='bbox 765 3956 836 4033; x_wconf 85' lang='lat' dir='ltr'>hoc</span> <span class='ocrx_word' id='word_1_281' title='bbox 847 3956 1036 4050; x_wconf 79' lang='lat' dir='ltr'>nimimm,</span> <span class='ocrx_word' id='word_1_282' title='bbox 1052 3956 1147 4058; x_wconf 86' lang='lat' dir='ltr'>quod</span> <span class='ocrx_word' id='word_1_283' title='bbox 1160 3976 1243 4061; x_wconf 81' lang='lat' dir='ltr'>ager</span> <span class='ocrx_word' id='word_1_284' title='bbox 1257 3954 1342 4035; x_wconf 87' lang='lat' dir='ltr'>milu</span> <span class='ocrx_word' id='word_1_285' title='bbox 1355 3950 1532 4123; x_wconf 46' lang='lat' dir='ltr'>fuerittlei:</span> 
     </span>
    </p>
   </div>
   <div class='ocr_carea' id='block_1_5' title="bbox 0 0 1854 4667">
    <p class='ocr_par' dir='ltr' id='par_1_5' title="bbox 0 0 1854 4667">
     <span class='ocr_line' id='line_1_36' title="bbox 0 0 1854 4667; baseline 0 9"><span class='ocrx_word' id='word_1_286' title='bbox 0 0 1854 4667; x_wconf 95' lang='lat' dir='ltr'> </span> 
     </span>
    </p>
   </div>
  </div>
 </body>
</html>
