3700 4667
456 469 520 527 to
564 443 1002 548 JEREMIAM
1056 451 1288 554 xtlngs.
1364 472 1461 554 ¹¹35

285 645 395 726 anm
425 661 547 724 eutem
581 651 755 750 originem
789 651 896 728 haber
921 650 1044 728 ofilio
1074 650 1197 744 Subi,
1238 651 1314 746 ejus
1347 650 1460 728 nomi-

290 745 373 836 nis,
417 749 512 823 Gen.
545 768 580 822 x:
613 769 671 824 aa.
709 750 811 844 cujus
836 749 971 847 posteri
995 751 1033 826 in
1068 747 1242 846 Elymaide
1275 749 1374 826 tedes
1401 748 1461 824 ht·

289 843 478 936 buerunt,
516 844 612 922 unde
649 855 715 922 ortt
740 849 824 924 sunt
850 847 985 946 Perse,
1024 861 1066 926 ut
1085 849 1194 924 tradit
1212 847 1389 944 Josephus
1416 863 1459 942 a,

288 944 393 1037 quod
409 964 544 1020 nomen
561 941 641 1039 ipfis
659 948 704 1020 ab
722 951 830 1042 equis,
856 945 1026 1022 &studio
1039 947 1076 1018 in
1090 945 1290 1042 equitatum
1302 941 1463 1022 adhaefit:

291 1041 349 1116 uti
373 1043 558 1136 probabile
581 1041 643 1119 est,
701 1043 793 1124 Cum
813 1060 936 1122 autern
955 1043 1127 1142 Jeremias
1148 1043 1262 1118 fuerit
1280 1040 1465 1118 Ezechieli

287 1157 460 1232 coaevum
489 1140 606 1216 videri
622 1142 739 1238 poffet
752 1165 888 1220 nomen
907 1139 1087 1242 Persarum
1105 1163 1183 1218 non
1202 1137 1397 1238 ignoraffc,
1429 1160 1463 1212 a

288 1235 433 1332 deoque
451 1235 554 1314 Elam
574 1263 719 1336 quoque
739 1241 912 1317 strictiore
932 1237 1034 1318 sensu
1054 1237 1147 1314 usus.
1202 1237 1273 1314 Sed
1291 1258 1465 1332 nusquam

278 1335 456 1420 meminit
468 1335 666 1435 Persarum,
689 1339 776 1418 licet
789 1341 828 1416 in
842 1338 914 1436 seq.
930 1339 1120 1438 prophetia
1134 1351 1262 1412 contra
1274 1333 1464 1424 baboleni,

279 1429 464 1510 Medorum
489 1437 714 1516 mentionem
732 1438 895 1530 faciens,
925 1435 1152 1516 occasionem
1170 1433 1338 1512 hebuerit
1359 1432 1396 1506 id
1414 1431 1465 1510 fc·

282 1529 428 1622 ciendi,
460 1533 495 1606 tr
517 1531 649 1627 stylum
667 1535 738 1630 Jes.
761 1537 915 1613 maxime
934 1534 1065 1612 imitari
1079 1533 1190 1610 solet:
1217 1555 1263 1608 ex
1275 1554 1348 1627 quo
1364 1529 1467 1608 colli

307 1651 373 1705 ere
394 1629 543 1724 liceret,
575 1653 712 1710 nomen
732 1631 836 1708 Elam
856 1655 1003 1730 quoque
1019 1633 1150 1708 latiore
1171 1625 1275 1708 seusu
1290 1629 1350 1706 hic
1365 1627 1465 1704 adhi-

279 1650 387 1814 ierit
410 1727 462 1800 ita
481 1729 812 1820 tamenutssuuur
826 1754 902 1804 noo
914 1731 1136 1826 negligatur,
1162 1726 1466 1894 cffitcmadmodum

286 1820 392 1898 iactor
406 1841 553 1910 quoque
572 1843 650 1894 non
671 1823 766 1912 apud
789 1821 924 1896 umen
945 1845 1063 1896 uxum:
1086 1843 1144 1910 25.
1209 1826 1239 1894 it
1261 1824 1358 1896 enim
1377 1821 1467 1898 mihi

278 1912 498 2008 probabile,
519 1915 601 1986 duas
614 1912 789 1990 diffindat
801 1916 972 2008 periodos
982 1915 1105 2006 jndicii
1117 1915 1156 1990 in
1170 1913 1362 2002 Etamitas,
1377 1930 1469 1992 tem·

280 2031 385 2108 pore
408 2010 555 2109 longrrnn
569 2007 714 2102 diffinis,
740 2011 801 2086 hic
812 2008 985 2100 describi,
1011 2033 1161 2108 quarum
1170 2007 1321 2108 priorad
1337 2007 1469 2084 Elaui-

275 2121 367 2200 ωε,
391 2109 537 2204 proprie
556 2108 668 2186 dictos
687 2110 867 2206 pertinet,
892 2107 987 2184 veri
1002 2128 1063 2206 35,
1077 2110 1136 2204 36.
1157 2103 1371 2206 posteriorad
1384 2102 1469 2180 Per-

277 2202 367 2304 sas,
397 2203 461 2284 seu
479 2204 650 2286 Eiemitas
661 2208 769 2284 latiur
783 2208 939 2302 suntor,
964 2205 1057 2284 vers.
1071 2229 1132 2304 37,
1147 2211 1207 2302 38.
1259 2203 1318 2284 De
1334 2227 1409 2300 quo
1421 2225 1469 2278 ex

280 2304 363 2398 ipsu
386 2305 627 2400 explicatione
657 2305 845 2384 constabit.
902 2303 1022 2384 Sic&
1050 2303 1115 2378 ΕΖ.
1143 2325 1275 2379 xxxrr.
1307 2301 1470 2378 Eumitae

280 2399 417 2493 duplice
429 2404 510 2474 vice
523 2403 717 2482 mscemm
753 2399 1471 2496 roducuntur‚cumignominiainorcum

288 2495 529 2586 precipitati,
560 2505 671 2594 priore
692 2499 725 2571 E
794 2500 853 2574 itae
878 2499 996 2574 striite
1016 2497 1063 2572 iic
1085 2495 1166 2576 diiii
1190 2519 1255 2594 per
1281 2493 1471 2572 Nebucad·
1521 2547 1546 2596 ·.

288 2609 462 2675 nezarem
498 2590 591 2667 vers.
624 2615 700 2686 αφ,
758 2593 898 2690 stertere
930 2595 1033 2672 larius
1069 2593 1174 2672 sumti
1201 2593 1237 2670 in
1262 2591 1374 2670 Perus
1402 2613 1469 2690 pet

290 2687 538 2768 memnon
560 2689 614 2767 M.
638 2713 687 2770 ve
722 2713 814 2788 ·25·
841 2695 938 2792 quod
951 2691 1469 2792 peranticipationem'ibimc-

288 2801 467 2864 moratur.
518 2787 575 2862 Ex
683 2790 707 2864 b
823 2789 989 2868 envers.
1014 2813 1070 2886 25.
1097 2789 1195 2866 rotie
1212 2789 1372 2886 expediri
1387 2801 1468 2883 pot-

281 2879 366 2970 est,
399 2883 461 2976 qui
481 2884 564 2960 alias
594 2812 695 2962 Ϊοᾶτίεῑ
729 2887 922 2982 upcrduue.
986 2887 1122 2984 Utique
1145 2887 1202 2962 uel
1224 2889 1296 2967 hoc
1319 2885 1389 2962 erit
1402 2883 1468 2962 sta-

287 2979 485 3072 tuendum,
514 2981 579 3056 uei
600 2981 704 3060 uum
721 2983 846 3062 stricto
866 2985 969 3062 sensu
991 2989 1104 3082 accipi
1126 2985 1291 3074 debebit,
1321 3009 1407 3063 cum
1430 2986 1468 3062 in

286 3073 409 3170 Perfer
426 3081 634 3172 neutiquam
655 3082 808 3173 quadret
824 3084 999 3172 iudicium
1019 3105 1083 3174 per
1105 3081 1469 3170 Nebucadnezarem‚

286 3174 506 3246 executione
525 3175 704 3262 dandum
736 3197 820 3250 curo
837 3177 938 3270 quod
949 3177 1048 3248 nuda
1063 3173 1156 3248 ratio
1172 3173 1232 3262 stt,
1259 3194 1366 3266 quare
1385 3174 1470 3252 Pto·

73 3244 74 3335 i
194 3311 209 3324 -
286 3269 398 3367 pheta
417 3268 456 3342 in
473 3265 592 3344 Persas
610 3269 822 3358 detonaret,
846 3272 1058 3364 quibuscum
1072 3270 1202 3366 Judaeis
1216 3267 1302 3342 nihil
1320 3267 1468 3347 fuitne-

288 3368 402 3468 gotii,
429 3379 510 3442 tum
530 3363 630 3458 quod
649 3361 762 3438 Perse
775 3386 851 3438 non
864 3367 1064 3464 legantura
1080 3367 1380 3444 Nebucadnezare
1395 3384 1468 3446 tam

355 3467 454 3541 viter
473 3461 614 3539 adfliui.
671 3459 754 3536 Nec
782 3477 944 3538 tamena
967 3461 1270 3540 Nebucadnezare
1286 3465 1469 3551 disceden-

315 3585 378 3640 um
398 3561 472 3652 est,
496 3561 579 3657 quia
601 3559 704 3634 Elam
720 3559 849 3636 diserte
864 3561 987 3638 locum
1002 3577 1124 3639 teneat
1140 3561 1234 3638 inter
1247 3566 1421 3661 populos,
1449 3590 1470 3642 a

291 3657 596 3736 Nebueadnezare
628 3657 871 3758 subigendos,
901 3659 976 3757 Jer.
997 3685 1080 3736 xxv:
1106 3683 1162 3754 25.
1188 3663 1338 3739 &inter
1362 3663 1469 3742 caesos

290 3756 624 3833 aNebucadnozare
638 3758 882 3851 recenseatur,
908 3757 973 3834 Ez.
989 3781 1101 3836 xxxrr:
1117 3783 1174 3852 24.
1227 3761 1313 3838 Erat
1326 3787 1469 3862 quoque

290 3855 403 3946 ratio,
429 3877 537 3948 quare
557 3857 663 3936 Elam
681 3855 1004 3954 hic'tuernoretur,
1029 3859 1123 3936 haud
1137 3859 1243 3960 longe
1259 3863 1468 3958 querenda,

901 4008 908 4024 ι
1389 3985 1470 4056 quu

330 4077 441 4143 onor.
457 4078 479 4144 1.
502 4095 530 4138 ι.
548 4093 573 4140 c.
593 4095 622 4152 r.
